 sales ,date,region
" $1,638.00 ",2/6/2018,north
" $1,647.00 ",2/6/2018,south
" $1,731.00 ",2/6/2018,east
" $1,557.00 ",2/6/2018,west
" $1,587.00 ",2/7/2018,north
" $1,698.00 ",2/7/2018,south
" $1,542.00 ",2/7/2018,east
" $1,635.00 ",2/7/2018,west
" $1,602.00 ",2/8/2018,north
" $1,536.00 ",2/8/2018,south
" $1,503.00 ",2/8/2018,east
" $1,701.00 ",2/8/2018,west
" $1,758.00 ",2/9/2018,north
" $1,662.00 ",2/9/2018,south
" $1,782.00 ",2/9/2018,east
" $1,515.00 ",2/9/2018,west
" $1,662.00 ",2/10/2018,north
" $1,557.00 ",2/10/2018,south
" $1,650.00 ",2/10/2018,east
" $1,674.00 ",2/10/2018,west
" $1,554.00 ",2/11/2018,north
" $1,587.00 ",2/11/2018,south
" $1,563.00 ",2/11/2018,east
" $1,764.00 ",2/11/2018,west
" $1,758.00 ",2/12/2018,north
" $1,608.00 ",2/12/2018,south
" $1,569.00 ",2/12/2018,east
" $1,653.00 ",2/12/2018,west
" $1,572.00 ",2/13/2018,north
" $1,716.00 ",2/13/2018,south
" $1,773.00 ",2/13/2018,east
" $1,725.00 ",2/13/2018,west
" $1,767.00 ",2/14/2018,north
" $1,710.00 ",2/14/2018,south
" $1,698.00 ",2/14/2018,east
" $1,512.00 ",2/14/2018,west
" $1,746.00 ",2/15/2018,north
" $1,734.00 ",2/15/2018,south
" $1,524.00 ",2/15/2018,east
" $1,614.00 ",2/15/2018,west
" $1,578.00 ",2/16/2018,north
" $1,782.00 ",2/16/2018,south
" $1,527.00 ",2/16/2018,east
" $1,752.00 ",2/16/2018,west
" $1,785.00 ",2/17/2018,north
" $1,689.00 ",2/17/2018,south
" $1,641.00 ",2/17/2018,east
" $1,575.00 ",2/17/2018,west
" $1,644.00 ",2/18/2018,north
" $1,674.00 ",2/18/2018,south
" $1,551.00 ",2/18/2018,east
" $1,737.00 ",2/18/2018,west
" $1,563.00 ",2/19/2018,north
" $1,647.00 ",2/19/2018,south
" $1,605.00 ",2/19/2018,east
" $1,539.00 ",2/19/2018,west
" $1,698.00 ",2/20/2018,north
" $1,575.00 ",2/20/2018,south
" $1,500.00 ",2/20/2018,east
" $1,551.00 ",2/20/2018,west
" $1,737.00 ",2/21/2018,north
" $1,542.00 ",2/21/2018,south
" $1,665.00 ",2/21/2018,east
" $1,548.00 ",2/21/2018,west
" $1,635.00 ",2/22/2018,north
" $1,632.00 ",2/22/2018,south
" $1,668.00 ",2/22/2018,east
" $1,764.00 ",2/22/2018,west
" $1,533.00 ",2/23/2018,north
" $1,563.00 ",2/23/2018,south
" $1,641.00 ",2/23/2018,east
" $1,773.00 ",2/23/2018,west
" $1,629.00 ",2/24/2018,north
" $1,698.00 ",2/24/2018,south
" $1,725.00 ",2/24/2018,east
" $1,722.00 ",2/24/2018,west
" $1,596.00 ",2/25/2018,north
" $1,710.00 ",2/25/2018,south
" $1,635.00 ",2/25/2018,east
" $1,659.00 ",2/25/2018,west
" $1,686.00 ",2/26/2018,north
" $1,533.00 ",2/26/2018,south
" $1,524.00 ",2/26/2018,east
" $1,530.00 ",2/26/2018,west
" $1,665.00 ",2/27/2018,north
" $1,695.00 ",2/27/2018,south
" $1,578.00 ",2/27/2018,east
" $1,620.00 ",2/27/2018,west
" $1,767.00 ",2/28/2018,north
" $1,593.00 ",2/28/2018,south
" $1,743.00 ",2/28/2018,east
" $1,557.00 ",2/28/2018,west
" $1,668.00 ",3/1/2018,north
" $1,782.00 ",3/1/2018,south
" $1,527.00 ",3/1/2018,east
" $1,668.00 ",3/1/2018,west
" $1,635.00 ",3/2/2018,north
" $1,569.00 ",3/2/2018,south
" $1,746.00 ",3/2/2018,east
" $1,773.00 ",3/2/2018,west
" $1,539.00 ",3/3/2018,north
" $1,500.00 ",3/3/2018,south
" $1,569.00 ",3/3/2018,east
" $1,557.00 ",3/3/2018,west
" $1,773.00 ",3/4/2018,north
" $1,644.00 ",3/4/2018,south
" $1,614.00 ",3/4/2018,east
" $1,674.00 ",3/4/2018,west
" $1,533.00 ",3/5/2018,north
" $1,653.00 ",3/5/2018,south
" $1,557.00 ",3/5/2018,east
" $1,746.00 ",3/5/2018,west
" $1,719.00 ",3/6/2018,north
" $1,719.00 ",3/6/2018,south
" $1,659.00 ",3/6/2018,east
" $1,800.00 ",3/6/2018,west
" $1,581.00 ",3/7/2018,north
" $1,602.00 ",3/7/2018,south
" $1,608.00 ",3/7/2018,east
" $1,650.00 ",3/7/2018,west
" $1,611.00 ",3/8/2018,north
" $1,530.00 ",3/8/2018,south
" $1,698.00 ",3/8/2018,east
" $1,668.00 ",3/8/2018,west
" $1,746.00 ",3/9/2018,north
" $1,524.00 ",3/9/2018,south
" $1,506.00 ",3/9/2018,east
" $1,704.00 ",3/9/2018,west
" $1,788.00 ",3/10/2018,north
" $1,719.00 ",3/10/2018,south
" $1,746.00 ",3/10/2018,east
" $1,584.00 ",3/10/2018,west
" $1,692.00 ",3/11/2018,north
" $1,635.00 ",3/11/2018,south
" $1,608.00 ",3/11/2018,east
" $1,590.00 ",3/11/2018,west
" $1,599.00 ",3/12/2018,north
" $1,518.00 ",3/12/2018,south
" $1,602.00 ",3/12/2018,east
" $1,659.00 ",3/12/2018,west
" $1,644.00 ",3/13/2018,north
" $1,611.00 ",3/13/2018,south
" $1,554.00 ",3/13/2018,east
" $1,515.00 ",3/13/2018,west
" $1,515.00 ",3/14/2018,north
" $1,632.00 ",3/14/2018,south
" $1,512.00 ",3/14/2018,east
" $1,776.00 ",3/14/2018,west
" $1,677.00 ",3/15/2018,north
" $1,503.00 ",3/15/2018,south
" $1,605.00 ",3/15/2018,east
" $1,647.00 ",3/15/2018,west
" $1,506.00 ",3/16/2018,north
" $1,737.00 ",3/16/2018,south
" $1,590.00 ",3/16/2018,east
" $1,767.00 ",3/16/2018,west
" $1,593.00 ",3/17/2018,north
" $1,614.00 ",3/17/2018,south
" $1,710.00 ",3/17/2018,east
" $1,662.00 ",3/17/2018,west
" $1,650.00 ",3/18/2018,north
" $1,755.00 ",3/18/2018,south
" $1,698.00 ",3/18/2018,east
" $1,659.00 ",3/18/2018,west
" $1,683.00 ",3/19/2018,north
" $1,509.00 ",3/19/2018,south
" $1,500.00 ",3/19/2018,east
" $1,545.00 ",3/19/2018,west
" $1,647.00 ",3/20/2018,north
" $1,614.00 ",3/20/2018,south
" $1,629.00 ",3/20/2018,east
" $1,677.00 ",3/20/2018,west
" $1,743.00 ",3/21/2018,north
" $1,569.00 ",3/21/2018,south
" $1,593.00 ",3/21/2018,east
" $1,578.00 ",3/21/2018,west
" $1,578.00 ",3/22/2018,north
" $1,581.00 ",3/22/2018,south
" $1,653.00 ",3/22/2018,east
" $1,578.00 ",3/22/2018,west
" $1,761.00 ",3/23/2018,north
" $1,611.00 ",3/23/2018,south
" $1,749.00 ",3/23/2018,east
" $1,764.00 ",3/23/2018,west
" $1,716.00 ",3/24/2018,north
" $1,710.00 ",3/24/2018,south
" $1,800.00 ",3/24/2018,east
" $1,728.00 ",3/24/2018,west
" $1,743.00 ",3/25/2018,north
" $1,764.00 ",3/25/2018,south
" $1,740.00 ",3/25/2018,east
" $1,707.00 ",3/25/2018,west
" $1,509.00 ",3/26/2018,north
" $1,641.00 ",3/26/2018,south
" $1,533.00 ",3/26/2018,east
" $1,752.00 ",3/26/2018,west
" $1,767.00 ",3/27/2018,north
" $1,590.00 ",3/27/2018,south
" $1,533.00 ",3/27/2018,east
" $1,704.00 ",3/27/2018,west
" $1,671.00 ",3/28/2018,north
" $1,527.00 ",3/28/2018,south
" $1,524.00 ",3/28/2018,east
" $1,629.00 ",3/28/2018,west
" $1,722.00 ",3/29/2018,north
" $1,557.00 ",3/29/2018,south
" $1,686.00 ",3/29/2018,east
" $1,779.00 ",3/29/2018,west
" $1,734.00 ",3/30/2018,north
" $1,776.00 ",3/30/2018,south
" $1,554.00 ",3/30/2018,east
" $1,725.00 ",3/30/2018,west
" $1,617.00 ",3/31/2018,north
" $1,635.00 ",3/31/2018,south
" $1,605.00 ",3/31/2018,east
" $1,785.00 ",3/31/2018,west
" $1,761.00 ",4/1/2018,north
" $1,530.00 ",4/1/2018,south
" $1,710.00 ",4/1/2018,east
" $1,506.00 ",4/1/2018,west
" $1,509.00 ",4/2/2018,north
" $1,797.00 ",4/2/2018,south
" $1,662.00 ",4/2/2018,east
" $1,530.00 ",4/2/2018,west
" $1,767.00 ",4/3/2018,north
" $1,767.00 ",4/3/2018,south
" $1,614.00 ",4/3/2018,east
" $1,533.00 ",4/3/2018,west
" $1,767.00 ",4/4/2018,north
" $1,761.00 ",4/4/2018,south
" $1,566.00 ",4/4/2018,east
" $1,623.00 ",4/4/2018,west
" $1,506.00 ",4/5/2018,north
" $1,512.00 ",4/5/2018,south
" $1,692.00 ",4/5/2018,east
" $1,749.00 ",4/5/2018,west
" $1,701.00 ",4/6/2018,north
" $1,752.00 ",4/6/2018,south
" $1,632.00 ",4/6/2018,east
" $1,515.00 ",4/6/2018,west
" $1,725.00 ",4/7/2018,north
" $1,611.00 ",4/7/2018,south
" $1,788.00 ",4/7/2018,east
" $1,617.00 ",4/7/2018,west
" $1,656.00 ",4/8/2018,north
" $1,674.00 ",4/8/2018,south
" $1,557.00 ",4/8/2018,east
" $1,701.00 ",4/8/2018,west
" $1,686.00 ",4/9/2018,north
" $1,782.00 ",4/9/2018,south
" $1,641.00 ",4/9/2018,east
" $1,557.00 ",4/9/2018,west
" $1,686.00 ",4/10/2018,north
" $1,527.00 ",4/10/2018,south
" $1,698.00 ",4/10/2018,east
" $1,728.00 ",4/10/2018,west
" $1,671.00 ",4/11/2018,north
" $1,527.00 ",4/11/2018,south
" $1,581.00 ",4/11/2018,east
" $1,764.00 ",4/11/2018,west
" $1,653.00 ",4/12/2018,north
" $1,626.00 ",4/12/2018,south
" $1,782.00 ",4/12/2018,east
" $1,749.00 ",4/12/2018,west
" $1,539.00 ",4/13/2018,north
" $1,752.00 ",4/13/2018,south
" $1,674.00 ",4/13/2018,east
" $1,749.00 ",4/13/2018,west
" $1,569.00 ",4/14/2018,north
" $1,794.00 ",4/14/2018,south
" $1,674.00 ",4/14/2018,east
" $1,638.00 ",4/14/2018,west
" $1,515.00 ",4/15/2018,north
" $1,527.00 ",4/15/2018,south
" $1,602.00 ",4/15/2018,east
" $1,653.00 ",4/15/2018,west
" $1,602.00 ",4/16/2018,north
" $1,707.00 ",4/16/2018,south
" $1,548.00 ",4/16/2018,east
" $1,527.00 ",4/16/2018,west
" $1,599.00 ",4/17/2018,north
" $1,728.00 ",4/17/2018,south
" $1,704.00 ",4/17/2018,east
" $1,539.00 ",4/17/2018,west
" $1,545.00 ",4/18/2018,north
" $1,797.00 ",4/18/2018,south
" $1,515.00 ",4/18/2018,east
" $1,719.00 ",4/18/2018,west
" $1,713.00 ",4/19/2018,north
" $1,674.00 ",4/19/2018,south
" $1,767.00 ",4/19/2018,east
" $1,767.00 ",4/19/2018,west
" $1,668.00 ",4/20/2018,north
" $1,620.00 ",4/20/2018,south
" $1,677.00 ",4/20/2018,east
" $1,509.00 ",4/20/2018,west
" $1,683.00 ",4/21/2018,north
" $1,743.00 ",4/21/2018,south
" $1,644.00 ",4/21/2018,east
" $1,578.00 ",4/21/2018,west
" $1,572.00 ",4/22/2018,north
" $1,545.00 ",4/22/2018,south
" $1,557.00 ",4/22/2018,east
" $1,626.00 ",4/22/2018,west
" $1,710.00 ",4/23/2018,north
" $1,659.00 ",4/23/2018,south
" $1,665.00 ",4/23/2018,east
" $1,521.00 ",4/23/2018,west
" $1,503.00 ",4/24/2018,north
" $1,650.00 ",4/24/2018,south
" $1,689.00 ",4/24/2018,east
" $1,743.00 ",4/24/2018,west
" $1,623.00 ",4/25/2018,north
" $1,503.00 ",4/25/2018,south
" $1,758.00 ",4/25/2018,east
" $1,557.00 ",4/25/2018,west
" $1,713.00 ",4/26/2018,north
" $1,734.00 ",4/26/2018,south
" $1,740.00 ",4/26/2018,east
" $1,563.00 ",4/26/2018,west
" $1,716.00 ",4/27/2018,north
" $1,791.00 ",4/27/2018,south
" $1,674.00 ",4/27/2018,east
" $1,716.00 ",4/27/2018,west
" $1,632.00 ",4/28/2018,north
" $1,641.00 ",4/28/2018,south
" $1,584.00 ",4/28/2018,east
" $1,590.00 ",4/28/2018,west
" $1,713.00 ",4/29/2018,north
" $1,593.00 ",4/29/2018,south
" $1,740.00 ",4/29/2018,east
" $1,638.00 ",4/29/2018,west
" $1,653.00 ",4/30/2018,north
" $1,590.00 ",4/30/2018,south
" $1,593.00 ",4/30/2018,east
" $1,602.00 ",4/30/2018,west
" $1,785.00 ",5/1/2018,north
" $1,764.00 ",5/1/2018,south
" $1,506.00 ",5/1/2018,east
" $1,536.00 ",5/1/2018,west
" $1,623.00 ",5/2/2018,north
" $1,674.00 ",5/2/2018,south
" $1,791.00 ",5/2/2018,east
" $1,653.00 ",5/2/2018,west
" $1,785.00 ",5/3/2018,north
" $1,569.00 ",5/3/2018,south
" $1,500.00 ",5/3/2018,east
" $1,770.00 ",5/3/2018,west
" $1,653.00 ",5/4/2018,north
" $1,590.00 ",5/4/2018,south
" $1,671.00 ",5/4/2018,east
" $1,629.00 ",5/4/2018,west
" $1,578.00 ",5/5/2018,north
" $1,665.00 ",5/5/2018,south
" $1,575.00 ",5/5/2018,east
" $1,587.00 ",5/5/2018,west
" $1,674.00 ",5/6/2018,north
" $1,785.00 ",5/6/2018,south
" $1,719.00 ",5/6/2018,east
" $1,617.00 ",5/6/2018,west
" $1,794.00 ",5/7/2018,north
" $1,563.00 ",5/7/2018,south
" $1,728.00 ",5/7/2018,east
" $1,740.00 ",5/7/2018,west
" $1,617.00 ",5/8/2018,north
" $1,650.00 ",5/8/2018,south
" $1,728.00 ",5/8/2018,east
" $1,635.00 ",5/8/2018,west
" $1,584.00 ",5/9/2018,north
" $1,647.00 ",5/9/2018,south
" $1,551.00 ",5/9/2018,east
" $1,512.00 ",5/9/2018,west
" $1,737.00 ",5/10/2018,north
" $1,551.00 ",5/10/2018,south
" $1,515.00 ",5/10/2018,east
" $1,716.00 ",5/10/2018,west
" $1,746.00 ",5/11/2018,north
" $1,677.00 ",5/11/2018,south
" $1,584.00 ",5/11/2018,east
" $1,617.00 ",5/11/2018,west
" $1,743.00 ",5/12/2018,north
" $1,533.00 ",5/12/2018,south
" $1,521.00 ",5/12/2018,east
" $1,578.00 ",5/12/2018,west
" $1,545.00 ",5/13/2018,north
" $1,713.00 ",5/13/2018,south
" $1,665.00 ",5/13/2018,east
" $1,644.00 ",5/13/2018,west
" $1,776.00 ",5/14/2018,north
" $1,560.00 ",5/14/2018,south
" $1,644.00 ",5/14/2018,east
" $1,503.00 ",5/14/2018,west
" $1,800.00 ",5/15/2018,north
" $1,758.00 ",5/15/2018,south
" $1,701.00 ",5/15/2018,east
" $1,671.00 ",5/15/2018,west
" $1,593.00 ",5/16/2018,north
" $1,617.00 ",5/16/2018,south
" $1,626.00 ",5/16/2018,east
" $1,629.00 ",5/16/2018,west
" $1,728.00 ",5/17/2018,north
" $1,506.00 ",5/17/2018,south
" $1,590.00 ",5/17/2018,east
" $1,626.00 ",5/17/2018,west
" $1,782.00 ",5/18/2018,north
" $1,572.00 ",5/18/2018,south
" $1,539.00 ",5/18/2018,east
" $1,509.00 ",5/18/2018,west
" $1,788.00 ",5/19/2018,north
" $1,713.00 ",5/19/2018,south
" $1,626.00 ",5/19/2018,east
" $1,629.00 ",5/19/2018,west
" $1,548.00 ",5/20/2018,north
" $1,716.00 ",5/20/2018,south
" $1,752.00 ",5/20/2018,east
" $1,638.00 ",5/20/2018,west
" $1,575.00 ",5/21/2018,north
" $1,671.00 ",5/21/2018,south
" $1,626.00 ",5/21/2018,east
" $1,572.00 ",5/21/2018,west
" $1,572.00 ",5/22/2018,north
" $1,569.00 ",5/22/2018,south
" $1,581.00 ",5/22/2018,east
" $1,521.00 ",5/22/2018,west
" $1,641.00 ",5/23/2018,north
" $1,692.00 ",5/23/2018,south
" $1,713.00 ",5/23/2018,east
" $1,563.00 ",5/23/2018,west
" $1,524.00 ",5/24/2018,north
" $1,533.00 ",5/24/2018,south
" $1,695.00 ",5/24/2018,east
" $1,533.00 ",5/24/2018,west
" $1,599.00 ",5/25/2018,north
" $1,665.00 ",5/25/2018,south
" $1,713.00 ",5/25/2018,east
" $1,644.00 ",5/25/2018,west
" $1,776.00 ",5/26/2018,north
" $1,530.00 ",5/26/2018,south
" $1,650.00 ",5/26/2018,east
" $1,512.00 ",5/26/2018,west
" $1,629.00 ",5/27/2018,north
" $1,707.00 ",5/27/2018,south
" $1,521.00 ",5/27/2018,east
" $1,761.00 ",5/27/2018,west
" $1,755.00 ",5/28/2018,north
" $1,659.00 ",5/28/2018,south
" $1,800.00 ",5/28/2018,east
" $1,539.00 ",5/28/2018,west
" $1,713.00 ",5/29/2018,north
" $1,752.00 ",5/29/2018,south
" $1,629.00 ",5/29/2018,east
" $1,635.00 ",5/29/2018,west
" $1,674.00 ",5/30/2018,north
" $1,701.00 ",5/30/2018,south
" $1,614.00 ",5/30/2018,east
" $1,794.00 ",5/30/2018,west
" $1,725.00 ",5/31/2018,north
" $1,659.00 ",5/31/2018,south
" $1,536.00 ",5/31/2018,east
" $1,620.00 ",5/31/2018,west
" $1,794.00 ",6/1/2018,north
" $1,623.00 ",6/1/2018,south
" $1,665.00 ",6/1/2018,east
" $1,671.00 ",6/1/2018,west
" $1,752.00 ",6/2/2018,north
" $1,707.00 ",6/2/2018,south
" $1,797.00 ",6/2/2018,east
" $1,668.00 ",6/2/2018,west
" $1,596.00 ",6/3/2018,north
" $1,503.00 ",6/3/2018,south
" $1,578.00 ",6/3/2018,east
" $1,680.00 ",6/3/2018,west
" $1,608.00 ",6/4/2018,north
" $1,683.00 ",6/4/2018,south
" $1,572.00 ",6/4/2018,east
" $1,656.00 ",6/4/2018,west
" $1,713.00 ",6/5/2018,north
" $1,698.00 ",6/5/2018,south
" $1,557.00 ",6/5/2018,east
" $1,782.00 ",6/5/2018,west
" $1,695.00 ",6/6/2018,north
" $1,680.00 ",6/6/2018,south
" $1,761.00 ",6/6/2018,east
" $1,659.00 ",6/6/2018,west
" $1,518.00 ",6/7/2018,north
" $1,572.00 ",6/7/2018,south
" $1,785.00 ",6/7/2018,east
" $1,557.00 ",6/7/2018,west
" $1,719.00 ",6/8/2018,north
" $1,677.00 ",6/8/2018,south
" $1,695.00 ",6/8/2018,east
" $1,602.00 ",6/8/2018,west
" $1,782.00 ",6/9/2018,north
" $1,773.00 ",6/9/2018,south
" $1,656.00 ",6/9/2018,east
" $1,665.00 ",6/9/2018,west
" $1,578.00 ",6/10/2018,north
" $1,641.00 ",6/10/2018,south
" $1,737.00 ",6/10/2018,east
" $1,557.00 ",6/10/2018,west
" $1,788.00 ",6/11/2018,north
" $1,677.00 ",6/11/2018,south
" $1,698.00 ",6/11/2018,east
" $1,728.00 ",6/11/2018,west
" $1,776.00 ",6/12/2018,north
" $1,551.00 ",6/12/2018,south
" $1,548.00 ",6/12/2018,east
" $1,542.00 ",6/12/2018,west
" $1,683.00 ",6/13/2018,north
" $1,683.00 ",6/13/2018,south
" $1,572.00 ",6/13/2018,east
" $1,683.00 ",6/13/2018,west
" $1,761.00 ",6/14/2018,north
" $1,668.00 ",6/14/2018,south
" $1,599.00 ",6/14/2018,east
" $1,593.00 ",6/14/2018,west
" $1,623.00 ",6/15/2018,north
" $1,737.00 ",6/15/2018,south
" $1,593.00 ",6/15/2018,east
" $1,788.00 ",6/15/2018,west
" $1,659.00 ",6/16/2018,north
" $1,641.00 ",6/16/2018,south
" $1,575.00 ",6/16/2018,east
" $1,611.00 ",6/16/2018,west
" $1,599.00 ",6/17/2018,north
" $1,530.00 ",6/17/2018,south
" $1,608.00 ",6/17/2018,east
" $1,626.00 ",6/17/2018,west
" $1,530.00 ",6/18/2018,north
" $1,707.00 ",6/18/2018,south
" $1,611.00 ",6/18/2018,east
" $1,635.00 ",6/18/2018,west
" $1,593.00 ",6/19/2018,north
" $1,749.00 ",6/19/2018,south
" $1,623.00 ",6/19/2018,east
" $1,608.00 ",6/19/2018,west
" $1,665.00 ",6/20/2018,north
" $1,659.00 ",6/20/2018,south
" $1,734.00 ",6/20/2018,east
" $1,557.00 ",6/20/2018,west
" $1,797.00 ",6/21/2018,north
" $1,587.00 ",6/21/2018,south
" $1,557.00 ",6/21/2018,east
" $1,542.00 ",6/21/2018,west
" $1,743.00 ",6/22/2018,north
" $1,797.00 ",6/22/2018,south
" $1,686.00 ",6/22/2018,east
" $1,683.00 ",6/22/2018,west
" $1,791.00 ",6/23/2018,north
" $1,554.00 ",6/23/2018,south
" $1,695.00 ",6/23/2018,east
" $1,566.00 ",6/23/2018,west
" $1,563.00 ",6/24/2018,north
" $1,623.00 ",6/24/2018,south
" $1,530.00 ",6/24/2018,east
" $1,662.00 ",6/24/2018,west
" $1,650.00 ",6/25/2018,north
" $1,602.00 ",6/25/2018,south
" $1,548.00 ",6/25/2018,east
" $1,623.00 ",6/25/2018,west
" $1,728.00 ",6/26/2018,north
" $1,533.00 ",6/26/2018,south
" $1,503.00 ",6/26/2018,east
" $1,629.00 ",6/26/2018,west
" $1,581.00 ",6/27/2018,north
" $1,659.00 ",6/27/2018,south
" $1,707.00 ",6/27/2018,east
" $1,665.00 ",6/27/2018,west
" $1,563.00 ",6/28/2018,north
" $1,638.00 ",6/28/2018,south
" $1,692.00 ",6/28/2018,east
" $1,503.00 ",6/28/2018,west
" $1,686.00 ",6/29/2018,north
" $1,764.00 ",6/29/2018,south
" $1,629.00 ",6/29/2018,east
" $1,779.00 ",6/29/2018,west
" $1,554.00 ",6/30/2018,north
" $1,653.00 ",6/30/2018,south
" $1,515.00 ",6/30/2018,east
" $1,557.00 ",6/30/2018,west
" $1,746.00 ",7/1/2018,north
" $1,671.00 ",7/1/2018,south
" $1,716.00 ",7/1/2018,east
" $1,554.00 ",7/1/2018,west
" $1,695.00 ",7/2/2018,north
" $1,611.00 ",7/2/2018,south
" $1,680.00 ",7/2/2018,east
" $1,671.00 ",7/2/2018,west
" $1,644.00 ",7/3/2018,north
" $1,638.00 ",7/3/2018,south
" $1,623.00 ",7/3/2018,east
" $1,515.00 ",7/3/2018,west
" $1,743.00 ",7/4/2018,north
" $1,587.00 ",7/4/2018,south
" $1,764.00 ",7/4/2018,east
" $1,572.00 ",7/4/2018,west
" $1,752.00 ",7/5/2018,north
" $1,647.00 ",7/5/2018,south
" $1,575.00 ",7/5/2018,east
" $1,500.00 ",7/5/2018,west
" $1,743.00 ",7/6/2018,north
" $1,566.00 ",7/6/2018,south
" $1,758.00 ",7/6/2018,east
" $1,689.00 ",7/6/2018,west
" $1,776.00 ",7/7/2018,north
" $1,770.00 ",7/7/2018,south
" $1,695.00 ",7/7/2018,east
" $1,566.00 ",7/7/2018,west
" $1,623.00 ",7/8/2018,north
" $1,776.00 ",7/8/2018,south
" $1,515.00 ",7/8/2018,east
" $1,761.00 ",7/8/2018,west
" $1,623.00 ",7/9/2018,north
" $1,788.00 ",7/9/2018,south
" $1,542.00 ",7/9/2018,east
" $1,515.00 ",7/9/2018,west
" $1,794.00 ",7/10/2018,north
" $1,794.00 ",7/10/2018,south
" $1,755.00 ",7/10/2018,east
" $1,761.00 ",7/10/2018,west
" $1,605.00 ",7/11/2018,north
" $1,569.00 ",7/11/2018,south
" $1,638.00 ",7/11/2018,east
" $1,677.00 ",7/11/2018,west
" $1,593.00 ",7/12/2018,north
" $1,500.00 ",7/12/2018,south
" $1,539.00 ",7/12/2018,east
" $1,719.00 ",7/12/2018,west
" $1,749.00 ",7/13/2018,north
" $1,596.00 ",7/13/2018,south
" $1,680.00 ",7/13/2018,east
" $1,509.00 ",7/13/2018,west
" $1,500.00 ",7/14/2018,north
" $1,653.00 ",7/14/2018,south
" $1,620.00 ",7/14/2018,east
" $1,575.00 ",7/14/2018,west
" $1,737.00 ",7/15/2018,north
" $1,713.00 ",7/15/2018,south
" $1,698.00 ",7/15/2018,east
" $1,539.00 ",7/15/2018,west
" $1,773.00 ",7/16/2018,north
" $1,707.00 ",7/16/2018,south
" $1,554.00 ",7/16/2018,east
" $1,515.00 ",7/16/2018,west
" $1,551.00 ",7/17/2018,north
" $1,566.00 ",7/17/2018,south
" $1,788.00 ",7/17/2018,east
" $1,614.00 ",7/17/2018,west
" $1,704.00 ",7/18/2018,north
" $1,656.00 ",7/18/2018,south
" $1,530.00 ",7/18/2018,east
" $1,659.00 ",7/18/2018,west
" $1,620.00 ",7/19/2018,north
" $1,725.00 ",7/19/2018,south
" $1,704.00 ",7/19/2018,east
" $1,527.00 ",7/19/2018,west
" $1,731.00 ",7/20/2018,north
" $1,761.00 ",7/20/2018,south
" $1,644.00 ",7/20/2018,east
" $1,653.00 ",7/20/2018,west
" $1,725.00 ",7/21/2018,north
" $1,698.00 ",7/21/2018,south
" $1,662.00 ",7/21/2018,east
" $1,656.00 ",7/21/2018,west
" $1,608.00 ",7/22/2018,north
" $1,773.00 ",7/22/2018,south
" $1,659.00 ",7/22/2018,east
" $1,647.00 ",7/22/2018,west
" $1,638.00 ",7/23/2018,north
" $1,623.00 ",7/23/2018,south
" $1,719.00 ",7/23/2018,east
" $1,629.00 ",7/23/2018,west
" $1,701.00 ",7/24/2018,north
" $1,725.00 ",7/24/2018,south
" $1,752.00 ",7/24/2018,east
" $1,557.00 ",7/24/2018,west
" $1,500.00 ",7/25/2018,north
" $1,707.00 ",7/25/2018,south
" $1,533.00 ",7/25/2018,east
" $1,737.00 ",7/25/2018,west
" $1,605.00 ",7/26/2018,north
" $1,767.00 ",7/26/2018,south
" $1,551.00 ",7/26/2018,east
" $1,521.00 ",7/26/2018,west
" $1,659.00 ",7/27/2018,north
" $1,611.00 ",7/27/2018,south
" $1,695.00 ",7/27/2018,east
" $1,632.00 ",7/27/2018,west
" $1,515.00 ",7/28/2018,north
" $1,584.00 ",7/28/2018,south
" $1,596.00 ",7/28/2018,east
" $1,743.00 ",7/28/2018,west
" $1,791.00 ",7/29/2018,north
" $1,599.00 ",7/29/2018,south
" $1,749.00 ",7/29/2018,east
" $1,755.00 ",7/29/2018,west
" $1,755.00 ",7/30/2018,north
" $1,662.00 ",7/30/2018,south
" $1,509.00 ",7/30/2018,east
" $1,776.00 ",7/30/2018,west
" $1,695.00 ",7/31/2018,north
" $1,707.00 ",7/31/2018,south
" $1,548.00 ",7/31/2018,east
" $1,578.00 ",7/31/2018,west
" $1,563.00 ",8/1/2018,north
" $1,674.00 ",8/1/2018,south
" $1,554.00 ",8/1/2018,east
" $1,665.00 ",8/1/2018,west
" $1,527.00 ",8/2/2018,north
" $1,617.00 ",8/2/2018,south
" $1,548.00 ",8/2/2018,east
" $1,671.00 ",8/2/2018,west
" $1,668.00 ",8/3/2018,north
" $1,671.00 ",8/3/2018,south
" $1,719.00 ",8/3/2018,east
" $1,668.00 ",8/3/2018,west
" $1,536.00 ",8/4/2018,north
" $1,734.00 ",8/4/2018,south
" $1,743.00 ",8/4/2018,east
" $1,776.00 ",8/4/2018,west
" $1,650.00 ",8/5/2018,north
" $1,599.00 ",8/5/2018,south
" $1,614.00 ",8/5/2018,east
" $1,773.00 ",8/5/2018,west
" $1,611.00 ",8/6/2018,north
" $1,605.00 ",8/6/2018,south
" $1,554.00 ",8/6/2018,east
" $1,788.00 ",8/6/2018,west
" $1,566.00 ",8/7/2018,north
" $1,560.00 ",8/7/2018,south
" $1,551.00 ",8/7/2018,east
" $1,626.00 ",8/7/2018,west
" $1,665.00 ",8/8/2018,north
" $1,539.00 ",8/8/2018,south
" $1,506.00 ",8/8/2018,east
" $1,617.00 ",8/8/2018,west
" $1,797.00 ",8/9/2018,north
" $1,794.00 ",8/9/2018,south
" $1,620.00 ",8/9/2018,east
" $1,683.00 ",8/9/2018,west
" $1,620.00 ",8/10/2018,north
" $1,554.00 ",8/10/2018,south
" $1,701.00 ",8/10/2018,east
" $1,785.00 ",8/10/2018,west
" $1,689.00 ",8/11/2018,north
" $1,650.00 ",8/11/2018,south
" $1,533.00 ",8/11/2018,east
" $1,587.00 ",8/11/2018,west
" $1,509.00 ",8/12/2018,north
" $1,743.00 ",8/12/2018,south
" $1,719.00 ",8/12/2018,east
" $1,743.00 ",8/12/2018,west
" $1,701.00 ",8/13/2018,north
" $1,629.00 ",8/13/2018,south
" $1,638.00 ",8/13/2018,east
" $1,611.00 ",8/13/2018,west
" $1,623.00 ",8/14/2018,north
" $1,635.00 ",8/14/2018,south
" $1,716.00 ",8/14/2018,east
" $1,707.00 ",8/14/2018,west
" $1,602.00 ",8/15/2018,north
" $1,542.00 ",8/15/2018,south
" $1,800.00 ",8/15/2018,east
" $1,734.00 ",8/15/2018,west
" $1,788.00 ",8/16/2018,north
" $1,614.00 ",8/16/2018,south
" $1,743.00 ",8/16/2018,east
" $1,770.00 ",8/16/2018,west
" $1,776.00 ",8/17/2018,north
" $1,713.00 ",8/17/2018,south
" $1,623.00 ",8/17/2018,east
" $1,752.00 ",8/17/2018,west
" $1,527.00 ",8/18/2018,north
" $1,776.00 ",8/18/2018,south
" $1,689.00 ",8/18/2018,east
" $1,713.00 ",8/18/2018,west
" $1,509.00 ",8/19/2018,north
" $1,575.00 ",8/19/2018,south
" $1,701.00 ",8/19/2018,east
" $1,575.00 ",8/19/2018,west
" $1,581.00 ",8/20/2018,north
" $1,779.00 ",8/20/2018,south
" $1,662.00 ",8/20/2018,east
" $1,506.00 ",8/20/2018,west
" $1,794.00 ",8/21/2018,north
" $1,659.00 ",8/21/2018,south
" $1,644.00 ",8/21/2018,east
" $1,707.00 ",8/21/2018,west
" $1,704.00 ",8/22/2018,north
" $1,500.00 ",8/22/2018,south
" $1,539.00 ",8/22/2018,east
" $1,800.00 ",8/22/2018,west
" $1,557.00 ",8/23/2018,north
" $1,554.00 ",8/23/2018,south
" $1,788.00 ",8/23/2018,east
" $1,563.00 ",8/23/2018,west
" $1,548.00 ",8/24/2018,north
" $1,560.00 ",8/24/2018,south
" $1,734.00 ",8/24/2018,east
" $1,644.00 ",8/24/2018,west
" $1,629.00 ",8/25/2018,north
" $1,677.00 ",8/25/2018,south
" $1,764.00 ",8/25/2018,east
" $1,515.00 ",8/25/2018,west
" $1,542.00 ",8/26/2018,north
" $1,545.00 ",8/26/2018,south
" $1,668.00 ",8/26/2018,east
" $1,584.00 ",8/26/2018,west
" $1,605.00 ",8/27/2018,north
" $1,740.00 ",8/27/2018,south
" $1,602.00 ",8/27/2018,east
" $1,509.00 ",8/27/2018,west
" $1,566.00 ",8/28/2018,north
" $1,680.00 ",8/28/2018,south
" $1,656.00 ",8/28/2018,east
" $1,722.00 ",8/28/2018,west
" $1,662.00 ",8/29/2018,north
" $1,794.00 ",8/29/2018,south
" $1,734.00 ",8/29/2018,east
" $1,647.00 ",8/29/2018,west
" $1,635.00 ",8/30/2018,north
" $1,743.00 ",8/30/2018,south
" $1,665.00 ",8/30/2018,east
" $1,770.00 ",8/30/2018,west
" $1,749.00 ",8/31/2018,north
" $1,695.00 ",8/31/2018,south
" $1,644.00 ",8/31/2018,east
" $1,602.00 ",8/31/2018,west
" $1,560.00 ",9/1/2018,north
" $1,500.00 ",9/1/2018,south
" $1,719.00 ",9/1/2018,east
" $1,557.00 ",9/1/2018,west
" $1,527.00 ",9/2/2018,north
" $1,653.00 ",9/2/2018,south
" $1,506.00 ",9/2/2018,east
" $1,575.00 ",9/2/2018,west
" $1,749.00 ",9/3/2018,north
" $1,770.00 ",9/3/2018,south
" $1,674.00 ",9/3/2018,east
" $1,650.00 ",9/3/2018,west
" $1,794.00 ",9/4/2018,north
" $1,509.00 ",9/4/2018,south
" $1,785.00 ",9/4/2018,east
" $1,539.00 ",9/4/2018,west
" $1,731.00 ",9/5/2018,north
" $1,617.00 ",9/5/2018,south
" $1,656.00 ",9/5/2018,east
" $1,599.00 ",9/5/2018,west
" $1,713.00 ",9/6/2018,north
" $1,506.00 ",9/6/2018,south
" $1,758.00 ",9/6/2018,east
" $1,650.00 ",9/6/2018,west
" $1,791.00 ",9/7/2018,north
" $1,623.00 ",9/7/2018,south
" $1,776.00 ",9/7/2018,east
" $1,653.00 ",9/7/2018,west
" $1,659.00 ",9/8/2018,north
" $1,755.00 ",9/8/2018,south
" $1,533.00 ",9/8/2018,east
" $1,557.00 ",9/8/2018,west
" $1,527.00 ",9/9/2018,north
" $1,614.00 ",9/9/2018,south
" $1,638.00 ",9/9/2018,east
" $1,704.00 ",9/9/2018,west
" $1,650.00 ",9/10/2018,north
" $1,656.00 ",9/10/2018,south
" $1,782.00 ",9/10/2018,east
" $1,527.00 ",9/10/2018,west
" $1,578.00 ",9/11/2018,north
" $1,767.00 ",9/11/2018,south
" $1,749.00 ",9/11/2018,east
" $1,524.00 ",9/11/2018,west
" $1,719.00 ",9/12/2018,north
" $1,695.00 ",9/12/2018,south
" $1,740.00 ",9/12/2018,east
" $1,533.00 ",9/12/2018,west
" $1,653.00 ",9/13/2018,north
" $1,560.00 ",9/13/2018,south
" $1,677.00 ",9/13/2018,east
" $1,539.00 ",9/13/2018,west
" $1,713.00 ",9/14/2018,north
" $1,554.00 ",9/14/2018,south
" $1,743.00 ",9/14/2018,east
" $1,701.00 ",9/14/2018,west
" $1,587.00 ",9/15/2018,north
" $1,512.00 ",9/15/2018,south
" $1,698.00 ",9/15/2018,east
" $1,746.00 ",9/15/2018,west
" $1,554.00 ",9/16/2018,north
" $1,554.00 ",9/16/2018,south
" $1,782.00 ",9/16/2018,east
" $1,782.00 ",9/16/2018,west
" $1,764.00 ",9/17/2018,north
" $1,620.00 ",9/17/2018,south
" $1,545.00 ",9/17/2018,east
" $1,722.00 ",9/17/2018,west
" $1,503.00 ",9/18/2018,north
" $1,530.00 ",9/18/2018,south
" $1,737.00 ",9/18/2018,east
" $1,692.00 ",9/18/2018,west
" $1,542.00 ",9/19/2018,north
" $1,758.00 ",9/19/2018,south
" $1,779.00 ",9/19/2018,east
" $1,593.00 ",9/19/2018,west
" $1,686.00 ",9/20/2018,north
" $1,749.00 ",9/20/2018,south
" $1,662.00 ",9/20/2018,east
" $1,569.00 ",9/20/2018,west
" $1,590.00 ",9/21/2018,north
" $1,665.00 ",9/21/2018,south
" $1,716.00 ",9/21/2018,east
" $1,704.00 ",9/21/2018,west
" $1,632.00 ",9/22/2018,north
" $1,581.00 ",9/22/2018,south
" $1,758.00 ",9/22/2018,east
" $1,641.00 ",9/22/2018,west
" $1,731.00 ",9/23/2018,north
" $1,677.00 ",9/23/2018,south
" $1,728.00 ",9/23/2018,east
" $1,755.00 ",9/23/2018,west
" $1,611.00 ",9/24/2018,north
" $1,593.00 ",9/24/2018,south
" $1,797.00 ",9/24/2018,east
" $1,560.00 ",9/24/2018,west
" $1,530.00 ",9/25/2018,north
" $1,770.00 ",9/25/2018,south
" $1,611.00 ",9/25/2018,east
" $1,701.00 ",9/25/2018,west
" $1,617.00 ",9/26/2018,north
" $1,515.00 ",9/26/2018,south
" $1,713.00 ",9/26/2018,east
" $1,500.00 ",9/26/2018,west
" $1,632.00 ",9/27/2018,north
" $1,713.00 ",9/27/2018,south
" $1,743.00 ",9/27/2018,east
" $1,587.00 ",9/27/2018,west
" $1,749.00 ",9/28/2018,north
" $1,533.00 ",9/28/2018,south
" $1,653.00 ",9/28/2018,east
" $1,512.00 ",9/28/2018,west
" $1,518.00 ",9/29/2018,north
" $1,623.00 ",9/29/2018,south
" $1,701.00 ",9/29/2018,east
" $1,596.00 ",9/29/2018,west
" $1,746.00 ",9/30/2018,north
" $1,536.00 ",9/30/2018,south
" $1,659.00 ",9/30/2018,east
" $1,524.00 ",9/30/2018,west
" $1,782.00 ",10/1/2018,north
" $1,632.00 ",10/1/2018,south
" $1,755.00 ",10/1/2018,east
" $1,650.00 ",10/1/2018,west
" $1,680.00 ",10/2/2018,north
" $1,701.00 ",10/2/2018,south
" $1,800.00 ",10/2/2018,east
" $1,740.00 ",10/2/2018,west
" $1,563.00 ",10/3/2018,north
" $1,788.00 ",10/3/2018,south
" $1,536.00 ",10/3/2018,east
" $1,764.00 ",10/3/2018,west
" $1,512.00 ",10/4/2018,north
" $1,560.00 ",10/4/2018,south
" $1,626.00 ",10/4/2018,east
" $1,797.00 ",10/4/2018,west
" $1,779.00 ",10/5/2018,north
" $1,683.00 ",10/5/2018,south
" $1,713.00 ",10/5/2018,east
" $1,794.00 ",10/5/2018,west
" $1,584.00 ",10/6/2018,north
" $1,647.00 ",10/6/2018,south
" $1,596.00 ",10/6/2018,east
" $1,515.00 ",10/6/2018,west
" $1,533.00 ",10/7/2018,north
" $1,608.00 ",10/7/2018,south
" $1,794.00 ",10/7/2018,east
" $1,578.00 ",10/7/2018,west
" $1,701.00 ",10/8/2018,north
" $1,617.00 ",10/8/2018,south
" $1,779.00 ",10/8/2018,east
" $1,785.00 ",10/8/2018,west
" $1,680.00 ",10/9/2018,north
" $1,590.00 ",10/9/2018,south
" $1,551.00 ",10/9/2018,east
" $1,587.00 ",10/9/2018,west
" $1,749.00 ",10/10/2018,north
" $1,701.00 ",10/10/2018,south
" $1,599.00 ",10/10/2018,east
" $1,506.00 ",10/10/2018,west
" $1,596.00 ",10/11/2018,north
" $1,800.00 ",10/11/2018,south
" $1,749.00 ",10/11/2018,east
" $1,674.00 ",10/11/2018,west
" $1,782.00 ",10/12/2018,north
" $1,647.00 ",10/12/2018,south
" $1,542.00 ",10/12/2018,east
" $1,656.00 ",10/12/2018,west
" $1,581.00 ",10/13/2018,north
" $1,713.00 ",10/13/2018,south
" $1,722.00 ",10/13/2018,east
" $1,686.00 ",10/13/2018,west
" $1,728.00 ",10/14/2018,north
" $1,755.00 ",10/14/2018,south
" $1,503.00 ",10/14/2018,east
" $1,602.00 ",10/14/2018,west
" $1,605.00 ",10/15/2018,north
" $1,719.00 ",10/15/2018,south
" $1,548.00 ",10/15/2018,east
" $1,626.00 ",10/15/2018,west
" $1,551.00 ",10/16/2018,north
" $1,662.00 ",10/16/2018,south
" $1,650.00 ",10/16/2018,east
" $1,788.00 ",10/16/2018,west
" $1,536.00 ",10/17/2018,north
" $1,551.00 ",10/17/2018,south
" $1,656.00 ",10/17/2018,east
" $1,644.00 ",10/17/2018,west
" $1,692.00 ",10/18/2018,north
" $1,518.00 ",10/18/2018,south
" $1,509.00 ",10/18/2018,east
" $1,674.00 ",10/18/2018,west
" $1,521.00 ",10/19/2018,north
" $1,632.00 ",10/19/2018,south
" $1,794.00 ",10/19/2018,east
" $1,689.00 ",10/19/2018,west
" $1,692.00 ",10/20/2018,north
" $1,662.00 ",10/20/2018,south
" $1,776.00 ",10/20/2018,east
" $1,710.00 ",10/20/2018,west
" $1,569.00 ",10/21/2018,north
" $1,704.00 ",10/21/2018,south
" $1,767.00 ",10/21/2018,east
" $1,767.00 ",10/21/2018,west
" $1,542.00 ",10/22/2018,north
" $1,707.00 ",10/22/2018,south
" $1,578.00 ",10/22/2018,east
" $1,521.00 ",10/22/2018,west
" $1,764.00 ",10/23/2018,north
" $1,683.00 ",10/23/2018,south
" $1,602.00 ",10/23/2018,east
" $1,755.00 ",10/23/2018,west
" $1,650.00 ",10/24/2018,north
" $1,629.00 ",10/24/2018,south
" $1,692.00 ",10/24/2018,east
" $1,542.00 ",10/24/2018,west
" $1,629.00 ",10/25/2018,north
" $1,587.00 ",10/25/2018,south
" $1,635.00 ",10/25/2018,east
" $1,653.00 ",10/25/2018,west
" $1,596.00 ",10/26/2018,north
" $1,524.00 ",10/26/2018,south
" $1,545.00 ",10/26/2018,east
" $1,707.00 ",10/26/2018,west
" $1,509.00 ",10/27/2018,north
" $1,509.00 ",10/27/2018,south
" $1,686.00 ",10/27/2018,east
" $1,785.00 ",10/27/2018,west
" $1,635.00 ",10/28/2018,north
" $1,752.00 ",10/28/2018,south
" $1,785.00 ",10/28/2018,east
" $1,755.00 ",10/28/2018,west
" $1,707.00 ",10/29/2018,north
" $1,701.00 ",10/29/2018,south
" $1,599.00 ",10/29/2018,east
" $1,782.00 ",10/29/2018,west
" $1,677.00 ",10/30/2018,north
" $1,719.00 ",10/30/2018,south
" $1,530.00 ",10/30/2018,east
" $1,776.00 ",10/30/2018,west
" $1,674.00 ",10/31/2018,north
" $1,641.00 ",10/31/2018,south
" $1,596.00 ",10/31/2018,east
" $1,506.00 ",10/31/2018,west
" $1,692.00 ",11/1/2018,north
" $1,623.00 ",11/1/2018,south
" $1,593.00 ",11/1/2018,east
" $1,551.00 ",11/1/2018,west
" $1,728.00 ",11/2/2018,north
" $1,608.00 ",11/2/2018,south
" $1,530.00 ",11/2/2018,east
" $1,791.00 ",11/2/2018,west
" $1,704.00 ",11/3/2018,north
" $1,653.00 ",11/3/2018,south
" $1,548.00 ",11/3/2018,east
" $1,626.00 ",11/3/2018,west
" $1,695.00 ",11/4/2018,north
" $1,590.00 ",11/4/2018,south
" $1,530.00 ",11/4/2018,east
" $1,644.00 ",11/4/2018,west
" $1,611.00 ",11/5/2018,north
" $1,617.00 ",11/5/2018,south
" $1,776.00 ",11/5/2018,east
" $1,641.00 ",11/5/2018,west
" $1,740.00 ",11/6/2018,north
" $1,590.00 ",11/6/2018,south
" $1,773.00 ",11/6/2018,east
" $1,641.00 ",11/6/2018,west
" $1,527.00 ",11/7/2018,north
" $1,755.00 ",11/7/2018,south
" $1,650.00 ",11/7/2018,east
" $1,593.00 ",11/7/2018,west
" $1,548.00 ",11/8/2018,north
" $1,623.00 ",11/8/2018,south
" $1,500.00 ",11/8/2018,east
" $1,569.00 ",11/8/2018,west
" $1,647.00 ",11/9/2018,north
" $1,662.00 ",11/9/2018,south
" $1,710.00 ",11/9/2018,east
" $1,719.00 ",11/9/2018,west
" $1,590.00 ",11/10/2018,north
" $1,539.00 ",11/10/2018,south
" $1,566.00 ",11/10/2018,east
" $1,770.00 ",11/10/2018,west
" $1,722.00 ",11/11/2018,north
" $1,524.00 ",11/11/2018,south
" $1,641.00 ",11/11/2018,east
" $1,662.00 ",11/11/2018,west
" $1,716.00 ",11/12/2018,north
" $1,611.00 ",11/12/2018,south
" $1,569.00 ",11/12/2018,east
" $1,797.00 ",11/12/2018,west
" $1,698.00 ",11/13/2018,north
" $1,581.00 ",11/13/2018,south
" $1,776.00 ",11/13/2018,east
" $1,644.00 ",11/13/2018,west
" $1,563.00 ",11/14/2018,north
" $1,707.00 ",11/14/2018,south
" $1,533.00 ",11/14/2018,east
" $1,572.00 ",11/14/2018,west
" $1,623.00 ",11/15/2018,north
" $1,698.00 ",11/15/2018,south
" $1,521.00 ",11/15/2018,east
" $1,707.00 ",11/15/2018,west
" $1,587.00 ",11/16/2018,north
" $1,776.00 ",11/16/2018,south
" $1,662.00 ",11/16/2018,east
" $1,578.00 ",11/16/2018,west
" $1,554.00 ",11/17/2018,north
" $1,515.00 ",11/17/2018,south
" $1,602.00 ",11/17/2018,east
" $1,557.00 ",11/17/2018,west
" $1,521.00 ",11/18/2018,north
" $1,740.00 ",11/18/2018,south
" $1,617.00 ",11/18/2018,east
" $1,647.00 ",11/18/2018,west
" $1,551.00 ",11/19/2018,north
" $1,500.00 ",11/19/2018,south
" $1,725.00 ",11/19/2018,east
" $1,563.00 ",11/19/2018,west
" $1,791.00 ",11/20/2018,north
" $1,578.00 ",11/20/2018,south
" $1,632.00 ",11/20/2018,east
" $1,674.00 ",11/20/2018,west
" $1,617.00 ",11/21/2018,north
" $1,509.00 ",11/21/2018,south
" $1,644.00 ",11/21/2018,east
" $1,542.00 ",11/21/2018,west
" $1,650.00 ",11/22/2018,north
" $1,758.00 ",11/22/2018,south
" $1,710.00 ",11/22/2018,east
" $1,737.00 ",11/22/2018,west
" $1,779.00 ",11/23/2018,north
" $1,743.00 ",11/23/2018,south
" $1,560.00 ",11/23/2018,east
" $1,719.00 ",11/23/2018,west
" $1,689.00 ",11/24/2018,north
" $1,605.00 ",11/24/2018,south
" $1,683.00 ",11/24/2018,east
" $1,518.00 ",11/24/2018,west
" $1,665.00 ",11/25/2018,north
" $1,671.00 ",11/25/2018,south
" $1,704.00 ",11/25/2018,east
" $1,731.00 ",11/25/2018,west
" $1,653.00 ",11/26/2018,north
" $1,542.00 ",11/26/2018,south
" $1,659.00 ",11/26/2018,east
" $1,650.00 ",11/26/2018,west
" $1,773.00 ",11/27/2018,north
" $1,647.00 ",11/27/2018,south
" $1,725.00 ",11/27/2018,east
" $1,644.00 ",11/27/2018,west
" $1,767.00 ",11/28/2018,north
" $1,728.00 ",11/28/2018,south
" $1,719.00 ",11/28/2018,east
" $1,677.00 ",11/28/2018,west
" $1,686.00 ",11/29/2018,north
" $1,527.00 ",11/29/2018,south
" $1,689.00 ",11/29/2018,east
" $1,686.00 ",11/29/2018,west
" $1,641.00 ",11/30/2018,north
" $1,665.00 ",11/30/2018,south
" $1,755.00 ",11/30/2018,east
" $1,551.00 ",11/30/2018,west
" $1,665.00 ",12/1/2018,north
" $1,527.00 ",12/1/2018,south
" $1,536.00 ",12/1/2018,east
" $1,656.00 ",12/1/2018,west
" $1,563.00 ",12/2/2018,north
" $1,554.00 ",12/2/2018,south
" $1,602.00 ",12/2/2018,east
" $1,737.00 ",12/2/2018,west
" $1,506.00 ",12/3/2018,north
" $1,755.00 ",12/3/2018,south
" $1,572.00 ",12/3/2018,east
" $1,608.00 ",12/3/2018,west
" $1,722.00 ",12/4/2018,north
" $1,788.00 ",12/4/2018,south
" $1,788.00 ",12/4/2018,east
" $1,587.00 ",12/4/2018,west
" $1,677.00 ",12/5/2018,north
" $1,725.00 ",12/5/2018,south
" $1,731.00 ",12/5/2018,east
" $1,518.00 ",12/5/2018,west
" $1,737.00 ",12/6/2018,north
" $1,797.00 ",12/6/2018,south
" $1,662.00 ",12/6/2018,east
" $1,662.00 ",12/6/2018,west
" $1,716.00 ",12/7/2018,north
" $1,596.00 ",12/7/2018,south
" $1,653.00 ",12/7/2018,east
" $1,635.00 ",12/7/2018,west
" $1,782.00 ",12/8/2018,north
" $1,773.00 ",12/8/2018,south
" $1,755.00 ",12/8/2018,east
" $1,719.00 ",12/8/2018,west
" $1,737.00 ",12/9/2018,north
" $1,548.00 ",12/9/2018,south
" $1,665.00 ",12/9/2018,east
" $1,659.00 ",12/9/2018,west
" $1,659.00 ",12/10/2018,north
" $1,575.00 ",12/10/2018,south
" $1,509.00 ",12/10/2018,east
" $1,767.00 ",12/10/2018,west
" $1,509.00 ",12/11/2018,north
" $1,527.00 ",12/11/2018,south
" $1,575.00 ",12/11/2018,east
" $1,620.00 ",12/11/2018,west
" $1,623.00 ",12/12/2018,north
" $1,623.00 ",12/12/2018,south
" $1,773.00 ",12/12/2018,east
" $1,743.00 ",12/12/2018,west
" $1,719.00 ",12/13/2018,north
" $1,782.00 ",12/13/2018,south
" $1,713.00 ",12/13/2018,east
" $1,593.00 ",12/13/2018,west
" $1,716.00 ",12/14/2018,north
" $1,686.00 ",12/14/2018,south
" $1,569.00 ",12/14/2018,east
" $1,704.00 ",12/14/2018,west
" $1,554.00 ",12/15/2018,north
" $1,545.00 ",12/15/2018,south
" $1,587.00 ",12/15/2018,east
" $1,800.00 ",12/15/2018,west
" $1,635.00 ",12/16/2018,north
" $1,620.00 ",12/16/2018,south
" $1,800.00 ",12/16/2018,east
" $1,641.00 ",12/16/2018,west
" $1,635.00 ",12/17/2018,north
" $1,527.00 ",12/17/2018,south
" $1,626.00 ",12/17/2018,east
" $1,716.00 ",12/17/2018,west
" $1,755.00 ",12/18/2018,north
" $1,755.00 ",12/18/2018,south
" $1,605.00 ",12/18/2018,east
" $1,779.00 ",12/18/2018,west
" $1,566.00 ",12/19/2018,north
" $1,566.00 ",12/19/2018,south
" $1,797.00 ",12/19/2018,east
" $1,770.00 ",12/19/2018,west
" $1,731.00 ",12/20/2018,north
" $1,551.00 ",12/20/2018,south
" $1,767.00 ",12/20/2018,east
" $1,626.00 ",12/20/2018,west
" $1,659.00 ",12/21/2018,north
" $1,710.00 ",12/21/2018,south
" $1,542.00 ",12/21/2018,east
" $1,569.00 ",12/21/2018,west
" $1,776.00 ",12/22/2018,north
" $1,578.00 ",12/22/2018,south
" $1,668.00 ",12/22/2018,east
" $1,527.00 ",12/22/2018,west
" $1,770.00 ",12/23/2018,north
" $1,623.00 ",12/23/2018,south
" $1,710.00 ",12/23/2018,east
" $1,731.00 ",12/23/2018,west
" $1,740.00 ",12/24/2018,north
" $1,632.00 ",12/24/2018,south
" $1,719.00 ",12/24/2018,east
" $1,500.00 ",12/24/2018,west
" $1,512.00 ",12/25/2018,north
" $1,605.00 ",12/25/2018,south
" $1,623.00 ",12/25/2018,east
" $1,533.00 ",12/25/2018,west
" $1,683.00 ",12/26/2018,north
" $1,734.00 ",12/26/2018,south
" $1,545.00 ",12/26/2018,east
" $1,587.00 ",12/26/2018,west
" $1,578.00 ",12/27/2018,north
" $1,650.00 ",12/27/2018,south
" $1,632.00 ",12/27/2018,east
" $1,713.00 ",12/27/2018,west
" $1,650.00 ",12/28/2018,north
" $1,794.00 ",12/28/2018,south
" $1,764.00 ",12/28/2018,east
" $1,797.00 ",12/28/2018,west
" $1,626.00 ",12/29/2018,north
" $1,794.00 ",12/29/2018,south
" $1,695.00 ",12/29/2018,east
" $1,740.00 ",12/29/2018,west
" $1,758.00 ",12/30/2018,north
" $1,785.00 ",12/30/2018,south
" $1,599.00 ",12/30/2018,east
" $1,689.00 ",12/30/2018,west
" $1,527.00 ",12/31/2018,north
" $1,710.00 ",12/31/2018,south
" $1,590.00 ",12/31/2018,east
" $1,653.00 ",12/31/2018,west
" $1,518.00 ",1/1/2019,north
" $1,632.00 ",1/1/2019,south
" $1,755.00 ",1/1/2019,east
" $1,551.00 ",1/1/2019,west
" $1,767.00 ",1/2/2019,north
" $1,605.00 ",1/2/2019,south
" $1,692.00 ",1/2/2019,east
" $1,794.00 ",1/2/2019,west
" $1,695.00 ",1/3/2019,north
" $1,737.00 ",1/3/2019,south
" $1,575.00 ",1/3/2019,east
" $1,509.00 ",1/3/2019,west
" $1,590.00 ",1/4/2019,north
" $1,500.00 ",1/4/2019,south
" $1,590.00 ",1/4/2019,east
" $1,638.00 ",1/4/2019,west
" $1,761.00 ",1/5/2019,north
" $1,590.00 ",1/5/2019,south
" $1,725.00 ",1/5/2019,east
" $1,551.00 ",1/5/2019,west
" $1,644.00 ",1/6/2019,north
" $1,779.00 ",1/6/2019,south
" $1,794.00 ",1/6/2019,east
" $1,638.00 ",1/6/2019,west
" $1,644.00 ",1/7/2019,north
" $1,647.00 ",1/7/2019,south
" $1,692.00 ",1/7/2019,east
" $1,623.00 ",1/7/2019,west
" $1,722.00 ",1/8/2019,north
" $1,551.00 ",1/8/2019,south
" $1,731.00 ",1/8/2019,east
" $1,701.00 ",1/8/2019,west
" $1,500.00 ",1/9/2019,north
" $1,764.00 ",1/9/2019,south
" $1,764.00 ",1/9/2019,east
" $1,635.00 ",1/9/2019,west
" $1,767.00 ",1/10/2019,north
" $1,551.00 ",1/10/2019,south
" $1,512.00 ",1/10/2019,east
" $1,686.00 ",1/10/2019,west
" $1,662.00 ",1/11/2019,north
" $1,512.00 ",1/11/2019,south
" $1,608.00 ",1/11/2019,east
" $1,611.00 ",1/11/2019,west
" $1,566.00 ",1/12/2019,north
" $1,773.00 ",1/12/2019,south
" $1,707.00 ",1/12/2019,east
" $1,752.00 ",1/12/2019,west
" $1,551.00 ",1/13/2019,north
" $1,503.00 ",1/13/2019,south
" $1,536.00 ",1/13/2019,east
" $1,728.00 ",1/13/2019,west
" $1,692.00 ",1/14/2019,north
" $1,521.00 ",1/14/2019,south
" $1,698.00 ",1/14/2019,east
" $1,791.00 ",1/14/2019,west
" $1,605.00 ",1/15/2019,north
" $1,761.00 ",1/15/2019,south
" $1,617.00 ",1/15/2019,east
" $1,503.00 ",1/15/2019,west
" $1,548.00 ",1/16/2019,north
" $1,734.00 ",1/16/2019,south
" $1,506.00 ",1/16/2019,east
" $1,533.00 ",1/16/2019,west
" $1,590.00 ",1/17/2019,north
" $1,707.00 ",1/17/2019,south
" $1,509.00 ",1/17/2019,east
" $1,653.00 ",1/17/2019,west
" $1,572.00 ",1/18/2019,north
" $1,563.00 ",1/18/2019,south
" $1,635.00 ",1/18/2019,east
" $1,734.00 ",1/18/2019,west
" $1,587.00 ",1/19/2019,north
" $1,506.00 ",1/19/2019,south
" $1,689.00 ",1/19/2019,east
" $1,701.00 ",1/19/2019,west
" $1,707.00 ",1/20/2019,north
" $1,557.00 ",1/20/2019,south
" $1,722.00 ",1/20/2019,east
" $1,629.00 ",1/20/2019,west
" $1,611.00 ",1/21/2019,north
" $1,515.00 ",1/21/2019,south
" $1,614.00 ",1/21/2019,east
" $1,593.00 ",1/21/2019,west
" $1,719.00 ",1/22/2019,north
" $1,506.00 ",1/22/2019,south
" $1,794.00 ",1/22/2019,east
" $1,731.00 ",1/22/2019,west
" $1,662.00 ",1/23/2019,north
" $1,728.00 ",1/23/2019,south
" $1,563.00 ",1/23/2019,east
" $1,662.00 ",1/23/2019,west
" $1,647.00 ",1/24/2019,north
" $1,638.00 ",1/24/2019,south
" $1,557.00 ",1/24/2019,east
" $1,518.00 ",1/24/2019,west
" $1,560.00 ",1/25/2019,north
" $1,656.00 ",1/25/2019,south
" $1,707.00 ",1/25/2019,east
" $1,767.00 ",1/25/2019,west
" $1,671.00 ",1/26/2019,north
" $1,686.00 ",1/26/2019,south
" $1,653.00 ",1/26/2019,east
" $1,647.00 ",1/26/2019,west
" $1,524.00 ",1/27/2019,north
" $1,503.00 ",1/27/2019,south
" $1,533.00 ",1/27/2019,east
" $1,785.00 ",1/27/2019,west
" $1,731.00 ",1/28/2019,north
" $1,782.00 ",1/28/2019,south
" $1,560.00 ",1/28/2019,east
" $1,782.00 ",1/28/2019,west
" $1,500.00 ",1/29/2019,north
" $1,728.00 ",1/29/2019,south
" $1,605.00 ",1/29/2019,east
" $1,614.00 ",1/29/2019,west
" $1,782.00 ",1/30/2019,north
" $1,638.00 ",1/30/2019,south
" $1,797.00 ",1/30/2019,east
" $1,641.00 ",1/30/2019,west
" $1,650.00 ",1/31/2019,north
" $1,536.00 ",1/31/2019,south
" $1,599.00 ",1/31/2019,east
" $1,740.00 ",1/31/2019,west
" $1,749.00 ",2/1/2019,north
" $1,581.00 ",2/1/2019,south
" $1,662.00 ",2/1/2019,east
" $1,509.00 ",2/1/2019,west
" $1,596.00 ",2/2/2019,north
" $1,638.00 ",2/2/2019,south
" $1,746.00 ",2/2/2019,east
" $1,611.00 ",2/2/2019,west
" $1,602.00 ",2/3/2019,north
" $1,722.00 ",2/3/2019,south
" $1,734.00 ",2/3/2019,east
" $1,749.00 ",2/3/2019,west
" $1,548.00 ",2/4/2019,north
" $1,647.00 ",2/4/2019,south
" $1,560.00 ",2/4/2019,east
" $1,542.00 ",2/4/2019,west
" $1,617.00 ",2/5/2019,north
" $1,659.00 ",2/5/2019,south
" $1,674.00 ",2/5/2019,east
" $1,524.00 ",2/5/2019,west
" $1,551.00 ",2/6/2019,north
" $1,722.00 ",2/6/2019,south
" $1,563.00 ",2/6/2019,east
" $1,692.00 ",2/6/2019,west
" $1,734.00 ",2/7/2019,north
" $1,584.00 ",2/7/2019,south
" $1,662.00 ",2/7/2019,east
" $1,545.00 ",2/7/2019,west
" $1,662.00 ",2/8/2019,north
" $1,614.00 ",2/8/2019,south
" $1,719.00 ",2/8/2019,east
" $1,788.00 ",2/8/2019,west
" $1,779.00 ",2/9/2019,north
" $1,665.00 ",2/9/2019,south
" $1,605.00 ",2/9/2019,east
" $1,641.00 ",2/9/2019,west
" $1,725.00 ",2/10/2019,north
" $1,611.00 ",2/10/2019,south
" $1,560.00 ",2/10/2019,east
" $1,575.00 ",2/10/2019,west
" $1,563.00 ",2/11/2019,north
" $1,773.00 ",2/11/2019,south
" $1,536.00 ",2/11/2019,east
" $1,551.00 ",2/11/2019,west
" $1,572.00 ",2/12/2019,north
" $1,608.00 ",2/12/2019,south
" $1,752.00 ",2/12/2019,east
" $1,734.00 ",2/12/2019,west
" $1,686.00 ",2/13/2019,north
" $1,782.00 ",2/13/2019,south
" $1,500.00 ",2/13/2019,east
" $1,731.00 ",2/13/2019,west
" $1,725.00 ",2/14/2019,north
" $1,578.00 ",2/14/2019,south
" $1,560.00 ",2/14/2019,east
" $1,644.00 ",2/14/2019,west
" $1,566.00 ",2/15/2019,north
" $1,584.00 ",2/15/2019,south
" $1,695.00 ",2/15/2019,east
" $1,734.00 ",2/15/2019,west
" $1,794.00 ",2/16/2019,north
" $1,731.00 ",2/16/2019,south
" $1,674.00 ",2/16/2019,east
" $1,599.00 ",2/16/2019,west
" $1,512.00 ",2/17/2019,north
" $1,653.00 ",2/17/2019,south
" $1,722.00 ",2/17/2019,east
" $1,641.00 ",2/17/2019,west
" $1,695.00 ",2/18/2019,north
" $1,749.00 ",2/18/2019,south
" $1,728.00 ",2/18/2019,east
" $1,764.00 ",2/18/2019,west
" $1,716.00 ",2/19/2019,north
" $1,599.00 ",2/19/2019,south
" $1,596.00 ",2/19/2019,east
" $1,644.00 ",2/19/2019,west
" $1,740.00 ",2/20/2019,north
" $1,641.00 ",2/20/2019,south
" $1,566.00 ",2/20/2019,east
" $1,656.00 ",2/20/2019,west
" $1,599.00 ",2/21/2019,north
" $1,725.00 ",2/21/2019,south
" $1,731.00 ",2/21/2019,east
" $1,719.00 ",2/21/2019,west
" $1,770.00 ",2/22/2019,north
" $1,794.00 ",2/22/2019,south
" $1,725.00 ",2/22/2019,east
" $1,713.00 ",2/22/2019,west
" $1,599.00 ",2/23/2019,north
" $1,743.00 ",2/23/2019,south
" $1,518.00 ",2/23/2019,east
" $1,614.00 ",2/23/2019,west
" $1,692.00 ",2/24/2019,north
" $1,755.00 ",2/24/2019,south
" $1,653.00 ",2/24/2019,east
" $1,524.00 ",2/24/2019,west
" $1,635.00 ",2/25/2019,north
" $1,734.00 ",2/25/2019,south
" $1,713.00 ",2/25/2019,east
" $1,578.00 ",2/25/2019,west
" $1,566.00 ",2/26/2019,north
" $1,653.00 ",2/26/2019,south
" $1,506.00 ",2/26/2019,east
" $1,656.00 ",2/26/2019,west
" $1,593.00 ",2/27/2019,north
" $1,545.00 ",2/27/2019,south
" $1,734.00 ",2/27/2019,east
" $1,635.00 ",2/27/2019,west
" $1,710.00 ",2/28/2019,north
" $1,569.00 ",2/28/2019,south
" $1,731.00 ",2/28/2019,east
" $1,599.00 ",2/28/2019,west
" $1,593.00 ",3/1/2019,north
" $1,707.00 ",3/1/2019,south
" $1,638.00 ",3/1/2019,east
" $1,539.00 ",3/1/2019,west
" $1,782.00 ",3/2/2019,north
" $1,794.00 ",3/2/2019,south
" $1,608.00 ",3/2/2019,east
" $1,689.00 ",3/2/2019,west
" $1,698.00 ",3/3/2019,north
" $1,518.00 ",3/3/2019,south
" $1,593.00 ",3/3/2019,east
" $1,611.00 ",3/3/2019,west
" $1,587.00 ",3/4/2019,north
" $1,686.00 ",3/4/2019,south
" $1,518.00 ",3/4/2019,east
" $1,632.00 ",3/4/2019,west
" $1,566.00 ",3/5/2019,north
" $1,569.00 ",3/5/2019,south
" $1,743.00 ",3/5/2019,east
" $1,557.00 ",3/5/2019,west
" $1,746.00 ",3/6/2019,north
" $1,662.00 ",3/6/2019,south
" $1,674.00 ",3/6/2019,east
" $1,608.00 ",3/6/2019,west
" $1,551.00 ",3/7/2019,north
" $1,581.00 ",3/7/2019,south
" $1,560.00 ",3/7/2019,east
" $1,674.00 ",3/7/2019,west
" $1,521.00 ",3/8/2019,north
" $1,782.00 ",3/8/2019,south
" $1,617.00 ",3/8/2019,east
" $1,797.00 ",3/8/2019,west
" $1,533.00 ",3/9/2019,north
" $1,749.00 ",3/9/2019,south
" $1,656.00 ",3/9/2019,east
" $1,644.00 ",3/9/2019,west
" $1,545.00 ",3/10/2019,north
" $1,776.00 ",3/10/2019,south
" $1,650.00 ",3/10/2019,east
" $1,737.00 ",3/10/2019,west
" $1,659.00 ",3/11/2019,north
" $1,722.00 ",3/11/2019,south
" $1,689.00 ",3/11/2019,east
" $1,692.00 ",3/11/2019,west
" $1,518.00 ",3/12/2019,north
" $1,581.00 ",3/12/2019,south
" $1,626.00 ",3/12/2019,east
" $1,668.00 ",3/12/2019,west
" $1,524.00 ",3/13/2019,north
" $1,797.00 ",3/13/2019,south
" $1,542.00 ",3/13/2019,east
" $1,653.00 ",3/13/2019,west
" $1,677.00 ",3/14/2019,north
" $1,524.00 ",3/14/2019,south
" $1,692.00 ",3/14/2019,east
" $1,704.00 ",3/14/2019,west
" $1,647.00 ",3/15/2019,north
" $1,671.00 ",3/15/2019,south
" $1,563.00 ",3/15/2019,east
" $1,650.00 ",3/15/2019,west
" $1,563.00 ",3/16/2019,north
" $1,680.00 ",3/16/2019,south
" $1,728.00 ",3/16/2019,east
" $1,680.00 ",3/16/2019,west
" $1,683.00 ",3/17/2019,north
" $1,638.00 ",3/17/2019,south
" $1,545.00 ",3/17/2019,east
" $1,671.00 ",3/17/2019,west
" $1,701.00 ",3/18/2019,north
" $1,515.00 ",3/18/2019,south
" $1,764.00 ",3/18/2019,east
" $1,668.00 ",3/18/2019,west
" $1,677.00 ",3/19/2019,north
" $1,752.00 ",3/19/2019,south
" $1,635.00 ",3/19/2019,east
" $1,605.00 ",3/19/2019,west
" $1,635.00 ",3/20/2019,north
" $1,596.00 ",3/20/2019,south
" $1,608.00 ",3/20/2019,east
" $1,779.00 ",3/20/2019,west
" $1,776.00 ",3/21/2019,north
" $1,635.00 ",3/21/2019,south
" $1,791.00 ",3/21/2019,east
" $1,779.00 ",3/21/2019,west
" $1,746.00 ",3/22/2019,north
" $1,545.00 ",3/22/2019,south
" $1,767.00 ",3/22/2019,east
" $1,731.00 ",3/22/2019,west
" $1,734.00 ",3/23/2019,north
" $1,509.00 ",3/23/2019,south
" $1,686.00 ",3/23/2019,east
" $1,797.00 ",3/23/2019,west
" $1,566.00 ",3/24/2019,north
" $1,557.00 ",3/24/2019,south
" $1,797.00 ",3/24/2019,east
" $1,755.00 ",3/24/2019,west
" $1,650.00 ",3/25/2019,north
" $1,500.00 ",3/25/2019,south
" $1,554.00 ",3/25/2019,east
" $1,734.00 ",3/25/2019,west
" $1,701.00 ",3/26/2019,north
" $1,782.00 ",3/26/2019,south
" $1,797.00 ",3/26/2019,east
" $1,557.00 ",3/26/2019,west
" $1,668.00 ",3/27/2019,north
" $1,575.00 ",3/27/2019,south
" $1,608.00 ",3/27/2019,east
" $1,527.00 ",3/27/2019,west
" $1,518.00 ",3/28/2019,north
" $1,509.00 ",3/28/2019,south
" $1,767.00 ",3/28/2019,east
" $1,557.00 ",3/28/2019,west
" $1,605.00 ",3/29/2019,north
" $1,686.00 ",3/29/2019,south
" $1,656.00 ",3/29/2019,east
" $1,653.00 ",3/29/2019,west
" $1,722.00 ",3/30/2019,north
" $1,593.00 ",3/30/2019,south
" $1,557.00 ",3/30/2019,east
" $1,710.00 ",3/30/2019,west
" $1,785.00 ",3/31/2019,north
" $1,710.00 ",3/31/2019,south
" $1,653.00 ",3/31/2019,east
" $1,572.00 ",3/31/2019,west
" $1,512.00 ",4/1/2019,north
" $1,794.00 ",4/1/2019,south
" $1,569.00 ",4/1/2019,east
" $1,608.00 ",4/1/2019,west
" $1,623.00 ",4/2/2019,north
" $1,791.00 ",4/2/2019,south
" $1,785.00 ",4/2/2019,east
" $1,629.00 ",4/2/2019,west
" $1,539.00 ",4/3/2019,north
" $1,626.00 ",4/3/2019,south
" $1,695.00 ",4/3/2019,east
" $1,518.00 ",4/3/2019,west
" $1,530.00 ",4/4/2019,north
" $1,683.00 ",4/4/2019,south
" $1,662.00 ",4/4/2019,east
" $1,632.00 ",4/4/2019,west
" $1,614.00 ",4/5/2019,north
" $1,605.00 ",4/5/2019,south
" $1,662.00 ",4/5/2019,east
" $1,713.00 ",4/5/2019,west
" $1,749.00 ",4/6/2019,north
" $1,713.00 ",4/6/2019,south
" $1,716.00 ",4/6/2019,east
" $1,557.00 ",4/6/2019,west
" $1,605.00 ",4/7/2019,north
" $1,635.00 ",4/7/2019,south
" $1,518.00 ",4/7/2019,east
" $1,632.00 ",4/7/2019,west
" $1,713.00 ",4/8/2019,north
" $1,779.00 ",4/8/2019,south
" $1,743.00 ",4/8/2019,east
" $1,575.00 ",4/8/2019,west
" $1,728.00 ",4/9/2019,north
" $1,719.00 ",4/9/2019,south
" $1,755.00 ",4/9/2019,east
" $1,617.00 ",4/9/2019,west
" $1,542.00 ",4/10/2019,north
" $1,626.00 ",4/10/2019,south
" $1,509.00 ",4/10/2019,east
" $1,638.00 ",4/10/2019,west
" $1,581.00 ",4/11/2019,north
" $1,680.00 ",4/11/2019,south
" $1,569.00 ",4/11/2019,east
" $1,635.00 ",4/11/2019,west
" $1,539.00 ",4/12/2019,north
" $1,587.00 ",4/12/2019,south
" $1,593.00 ",4/12/2019,east
" $1,581.00 ",4/12/2019,west
" $1,515.00 ",4/13/2019,north
" $1,611.00 ",4/13/2019,south
" $1,644.00 ",4/13/2019,east
" $1,794.00 ",4/13/2019,west
" $1,500.00 ",4/14/2019,north
" $1,737.00 ",4/14/2019,south
" $1,722.00 ",4/14/2019,east
" $1,764.00 ",4/14/2019,west
" $1,530.00 ",4/15/2019,north
" $1,602.00 ",4/15/2019,south
" $1,524.00 ",4/15/2019,east
" $1,770.00 ",4/15/2019,west
" $1,596.00 ",4/16/2019,north
" $1,668.00 ",4/16/2019,south
" $1,584.00 ",4/16/2019,east
" $1,713.00 ",4/16/2019,west
" $1,569.00 ",4/17/2019,north
" $1,686.00 ",4/17/2019,south
" $1,647.00 ",4/17/2019,east
" $1,509.00 ",4/17/2019,west
" $1,590.00 ",4/18/2019,north
" $1,650.00 ",4/18/2019,south
" $1,557.00 ",4/18/2019,east
" $1,575.00 ",4/18/2019,west
" $1,773.00 ",4/19/2019,north
" $1,629.00 ",4/19/2019,south
" $1,524.00 ",4/19/2019,east
" $1,512.00 ",4/19/2019,west
" $1,521.00 ",4/20/2019,north
" $1,653.00 ",4/20/2019,south
" $1,584.00 ",4/20/2019,east
" $1,713.00 ",4/20/2019,west
" $1,683.00 ",4/21/2019,north
" $1,749.00 ",4/21/2019,south
" $1,545.00 ",4/21/2019,east
" $1,629.00 ",4/21/2019,west
" $1,533.00 ",4/22/2019,north
" $1,587.00 ",4/22/2019,south
" $1,671.00 ",4/22/2019,east
" $1,650.00 ",4/22/2019,west
" $1,668.00 ",4/23/2019,north
" $1,674.00 ",4/23/2019,south
" $1,728.00 ",4/23/2019,east
" $1,518.00 ",4/23/2019,west
" $1,554.00 ",4/24/2019,north
" $1,719.00 ",4/24/2019,south
" $1,746.00 ",4/24/2019,east
" $1,665.00 ",4/24/2019,west
" $1,503.00 ",4/25/2019,north
" $1,692.00 ",4/25/2019,south
" $1,725.00 ",4/25/2019,east
" $1,764.00 ",4/25/2019,west
" $1,710.00 ",4/26/2019,north
" $1,635.00 ",4/26/2019,south
" $1,764.00 ",4/26/2019,east
" $1,758.00 ",4/26/2019,west
" $1,740.00 ",4/27/2019,north
" $1,776.00 ",4/27/2019,south
" $1,740.00 ",4/27/2019,east
" $1,620.00 ",4/27/2019,west
" $1,566.00 ",4/28/2019,north
" $1,704.00 ",4/28/2019,south
" $1,578.00 ",4/28/2019,east
" $1,503.00 ",4/28/2019,west
" $1,602.00 ",4/29/2019,north
" $1,791.00 ",4/29/2019,south
" $1,752.00 ",4/29/2019,east
" $1,800.00 ",4/29/2019,west
" $1,719.00 ",4/30/2019,north
" $1,767.00 ",4/30/2019,south
" $1,500.00 ",4/30/2019,east
" $1,623.00 ",4/30/2019,west
" $1,665.00 ",5/1/2019,north
" $1,800.00 ",5/1/2019,south
" $1,731.00 ",5/1/2019,east
" $1,542.00 ",5/1/2019,west
" $1,575.00 ",5/2/2019,north
" $1,548.00 ",5/2/2019,south
" $1,797.00 ",5/2/2019,east
" $1,521.00 ",5/2/2019,west
" $1,560.00 ",5/3/2019,north
" $1,521.00 ",5/3/2019,south
" $1,605.00 ",5/3/2019,east
" $1,740.00 ",5/3/2019,west
" $1,617.00 ",5/4/2019,north
" $1,743.00 ",5/4/2019,south
" $1,629.00 ",5/4/2019,east
" $1,749.00 ",5/4/2019,west
" $1,512.00 ",5/5/2019,north
" $1,746.00 ",5/5/2019,south
" $1,530.00 ",5/5/2019,east
" $1,611.00 ",5/5/2019,west
" $1,569.00 ",5/6/2019,north
" $1,689.00 ",5/6/2019,south
" $1,557.00 ",5/6/2019,east
" $1,560.00 ",5/6/2019,west
" $1,650.00 ",5/7/2019,north
" $1,695.00 ",5/7/2019,south
" $1,620.00 ",5/7/2019,east
" $1,644.00 ",5/7/2019,west
" $1,800.00 ",5/8/2019,north
" $1,515.00 ",5/8/2019,south
" $1,785.00 ",5/8/2019,east
" $1,650.00 ",5/8/2019,west
" $1,797.00 ",5/9/2019,north
" $1,641.00 ",5/9/2019,south
" $1,665.00 ",5/9/2019,east
" $1,767.00 ",5/9/2019,west
" $1,500.00 ",5/10/2019,north
" $1,788.00 ",5/10/2019,south
" $1,725.00 ",5/10/2019,east
" $1,557.00 ",5/10/2019,west
" $1,503.00 ",5/11/2019,north
" $1,518.00 ",5/11/2019,south
" $1,650.00 ",5/11/2019,east
" $1,614.00 ",5/11/2019,west
" $1,743.00 ",5/12/2019,north
" $1,524.00 ",5/12/2019,south
" $1,761.00 ",5/12/2019,east
" $1,743.00 ",5/12/2019,west
" $1,563.00 ",5/13/2019,north
" $1,716.00 ",5/13/2019,south
" $1,560.00 ",5/13/2019,east
" $1,614.00 ",5/13/2019,west
" $1,617.00 ",5/14/2019,north
" $1,761.00 ",5/14/2019,south
" $1,635.00 ",5/14/2019,east
" $1,614.00 ",5/14/2019,west
" $1,509.00 ",5/15/2019,north
" $1,650.00 ",5/15/2019,south
" $1,755.00 ",5/15/2019,east
" $1,569.00 ",5/15/2019,west
" $1,605.00 ",5/16/2019,north
" $1,695.00 ",5/16/2019,south
" $1,662.00 ",5/16/2019,east
" $1,605.00 ",5/16/2019,west
" $1,731.00 ",5/17/2019,north
" $1,590.00 ",5/17/2019,south
" $1,620.00 ",5/17/2019,east
" $1,752.00 ",5/17/2019,west
" $1,533.00 ",5/18/2019,north
" $1,737.00 ",5/18/2019,south
" $1,608.00 ",5/18/2019,east
" $1,662.00 ",5/18/2019,west
" $1,797.00 ",5/19/2019,north
" $1,728.00 ",5/19/2019,south
" $1,686.00 ",5/19/2019,east
" $1,650.00 ",5/19/2019,west
" $1,695.00 ",5/20/2019,north
" $1,752.00 ",5/20/2019,south
" $1,785.00 ",5/20/2019,east
" $1,668.00 ",5/20/2019,west
" $1,515.00 ",5/21/2019,north
" $1,683.00 ",5/21/2019,south
" $1,794.00 ",5/21/2019,east
" $1,533.00 ",5/21/2019,west
" $1,599.00 ",5/22/2019,north
" $1,761.00 ",5/22/2019,south
" $1,761.00 ",5/22/2019,east
" $1,722.00 ",5/22/2019,west
" $1,626.00 ",5/23/2019,north
" $1,668.00 ",5/23/2019,south
" $1,641.00 ",5/23/2019,east
" $1,740.00 ",5/23/2019,west
" $1,650.00 ",5/24/2019,north
" $1,623.00 ",5/24/2019,south
" $1,653.00 ",5/24/2019,east
" $1,773.00 ",5/24/2019,west
" $1,788.00 ",5/25/2019,north
" $1,581.00 ",5/25/2019,south
" $1,677.00 ",5/25/2019,east
" $1,569.00 ",5/25/2019,west
" $1,791.00 ",5/26/2019,north
" $1,617.00 ",5/26/2019,south
" $1,638.00 ",5/26/2019,east
" $1,542.00 ",5/26/2019,west
" $1,590.00 ",5/27/2019,north
" $1,704.00 ",5/27/2019,south
" $1,680.00 ",5/27/2019,east
" $1,527.00 ",5/27/2019,west
" $1,635.00 ",5/28/2019,north
" $1,755.00 ",5/28/2019,south
" $1,560.00 ",5/28/2019,east
" $1,533.00 ",5/28/2019,west
" $1,599.00 ",5/29/2019,north
" $1,677.00 ",5/29/2019,south
" $1,581.00 ",5/29/2019,east
" $1,680.00 ",5/29/2019,west
" $1,692.00 ",5/30/2019,north
" $1,644.00 ",5/30/2019,south
" $1,716.00 ",5/30/2019,east
" $1,761.00 ",5/30/2019,west
" $1,716.00 ",5/31/2019,north
" $1,764.00 ",5/31/2019,south
" $1,677.00 ",5/31/2019,east
" $1,605.00 ",5/31/2019,west
" $1,680.00 ",6/1/2019,north
" $1,695.00 ",6/1/2019,south
" $1,548.00 ",6/1/2019,east
" $1,689.00 ",6/1/2019,west
" $1,755.00 ",6/2/2019,north
" $1,707.00 ",6/2/2019,south
" $1,557.00 ",6/2/2019,east
" $1,644.00 ",6/2/2019,west
" $1,719.00 ",6/3/2019,north
" $1,680.00 ",6/3/2019,south
" $1,581.00 ",6/3/2019,east
" $1,749.00 ",6/3/2019,west
" $1,602.00 ",6/4/2019,north
" $1,704.00 ",6/4/2019,south
" $1,602.00 ",6/4/2019,east
" $1,554.00 ",6/4/2019,west
" $1,632.00 ",6/5/2019,north
" $1,560.00 ",6/5/2019,south
" $1,647.00 ",6/5/2019,east
" $1,560.00 ",6/5/2019,west
" $1,662.00 ",6/6/2019,north
" $1,545.00 ",6/6/2019,south
" $1,614.00 ",6/6/2019,east
" $1,746.00 ",6/6/2019,west
" $1,713.00 ",6/7/2019,north
" $1,668.00 ",6/7/2019,south
" $1,503.00 ",6/7/2019,east
" $1,758.00 ",6/7/2019,west
" $1,656.00 ",6/8/2019,north
" $1,560.00 ",6/8/2019,south
" $1,710.00 ",6/8/2019,east
" $1,677.00 ",6/8/2019,west
" $1,782.00 ",6/9/2019,north
" $1,665.00 ",6/9/2019,south
" $1,782.00 ",6/9/2019,east
" $1,797.00 ",6/9/2019,west
" $1,698.00 ",6/10/2019,north
" $1,689.00 ",6/10/2019,south
" $1,623.00 ",6/10/2019,east
" $1,767.00 ",6/10/2019,west
" $1,635.00 ",6/11/2019,north
" $1,563.00 ",6/11/2019,south
" $1,785.00 ",6/11/2019,east
" $1,521.00 ",6/11/2019,west
" $1,728.00 ",6/12/2019,north
" $1,515.00 ",6/12/2019,south
" $1,548.00 ",6/12/2019,east
" $1,677.00 ",6/12/2019,west
" $1,587.00 ",6/13/2019,north
" $1,719.00 ",6/13/2019,south
" $1,587.00 ",6/13/2019,east
" $1,773.00 ",6/13/2019,west
" $1,557.00 ",6/14/2019,north
" $1,680.00 ",6/14/2019,south
" $1,773.00 ",6/14/2019,east
" $1,509.00 ",6/14/2019,west
" $1,602.00 ",6/15/2019,north
" $1,794.00 ",6/15/2019,south
" $1,764.00 ",6/15/2019,east
" $1,785.00 ",6/15/2019,west
" $1,662.00 ",6/16/2019,north
" $1,563.00 ",6/16/2019,south
" $1,671.00 ",6/16/2019,east
" $1,533.00 ",6/16/2019,west
" $1,587.00 ",6/17/2019,north
" $1,512.00 ",6/17/2019,south
" $1,536.00 ",6/17/2019,east
" $1,566.00 ",6/17/2019,west
" $1,767.00 ",6/18/2019,north
" $1,614.00 ",6/18/2019,south
" $1,776.00 ",6/18/2019,east
" $1,728.00 ",6/18/2019,west
" $1,614.00 ",6/19/2019,north
" $1,572.00 ",6/19/2019,south
" $1,614.00 ",6/19/2019,east
" $1,734.00 ",6/19/2019,west
" $1,566.00 ",6/20/2019,north
" $1,632.00 ",6/20/2019,south
" $1,785.00 ",6/20/2019,east
" $1,770.00 ",6/20/2019,west
" $1,725.00 ",6/21/2019,north
" $1,542.00 ",6/21/2019,south
" $1,677.00 ",6/21/2019,east
" $1,533.00 ",6/21/2019,west
" $1,578.00 ",6/22/2019,north
" $1,713.00 ",6/22/2019,south
" $1,776.00 ",6/22/2019,east
" $1,515.00 ",6/22/2019,west
" $1,587.00 ",6/23/2019,north
" $1,770.00 ",6/23/2019,south
" $1,773.00 ",6/23/2019,east
" $1,671.00 ",6/23/2019,west
" $1,704.00 ",6/24/2019,north
" $1,545.00 ",6/24/2019,south
" $1,671.00 ",6/24/2019,east
" $1,800.00 ",6/24/2019,west
" $1,611.00 ",6/25/2019,north
" $1,797.00 ",6/25/2019,south
" $1,623.00 ",6/25/2019,east
" $1,776.00 ",6/25/2019,west
" $1,677.00 ",6/26/2019,north
" $1,800.00 ",6/26/2019,south
" $1,794.00 ",6/26/2019,east
" $1,686.00 ",6/26/2019,west
" $1,671.00 ",6/27/2019,north
" $1,635.00 ",6/27/2019,south
" $1,740.00 ",6/27/2019,east
" $1,671.00 ",6/27/2019,west
" $1,671.00 ",6/28/2019,north
" $1,770.00 ",6/28/2019,south
" $1,773.00 ",6/28/2019,east
" $1,581.00 ",6/28/2019,west
" $1,533.00 ",6/29/2019,north
" $1,650.00 ",6/29/2019,south
" $1,536.00 ",6/29/2019,east
" $1,548.00 ",6/29/2019,west
" $1,785.00 ",6/30/2019,north
" $1,614.00 ",6/30/2019,south
" $1,569.00 ",6/30/2019,east
" $1,800.00 ",6/30/2019,west
" $1,644.00 ",7/1/2019,north
" $1,659.00 ",7/1/2019,south
" $1,659.00 ",7/1/2019,east
" $1,644.00 ",7/1/2019,west
" $1,656.00 ",7/2/2019,north
" $1,566.00 ",7/2/2019,south
" $1,686.00 ",7/2/2019,east
" $1,677.00 ",7/2/2019,west
" $1,770.00 ",7/3/2019,north
" $1,689.00 ",7/3/2019,south
" $1,704.00 ",7/3/2019,east
" $1,800.00 ",7/3/2019,west
" $1,782.00 ",7/4/2019,north
" $1,746.00 ",7/4/2019,south
" $1,527.00 ",7/4/2019,east
" $1,581.00 ",7/4/2019,west
" $1,518.00 ",7/5/2019,north
" $1,554.00 ",7/5/2019,south
" $1,548.00 ",7/5/2019,east
" $1,533.00 ",7/5/2019,west
" $1,791.00 ",7/6/2019,north
" $1,578.00 ",7/6/2019,south
" $1,779.00 ",7/6/2019,east
" $1,704.00 ",7/6/2019,west
" $1,587.00 ",7/7/2019,north
" $1,593.00 ",7/7/2019,south
" $1,644.00 ",7/7/2019,east
" $1,680.00 ",7/7/2019,west
" $1,614.00 ",7/8/2019,north
" $1,704.00 ",7/8/2019,south
" $1,797.00 ",7/8/2019,east
" $1,770.00 ",7/8/2019,west
" $1,605.00 ",7/9/2019,north
" $1,686.00 ",7/9/2019,south
" $1,794.00 ",7/9/2019,east
" $1,713.00 ",7/9/2019,west
" $1,755.00 ",7/10/2019,north
" $1,500.00 ",7/10/2019,south
" $1,632.00 ",7/10/2019,east
" $1,800.00 ",7/10/2019,west
" $1,800.00 ",7/11/2019,north
" $1,650.00 ",7/11/2019,south
" $1,704.00 ",7/11/2019,east
" $1,590.00 ",7/11/2019,west
" $1,779.00 ",7/12/2019,north
" $1,554.00 ",7/12/2019,south
" $1,635.00 ",7/12/2019,east
" $1,608.00 ",7/12/2019,west
" $1,791.00 ",7/13/2019,north
" $1,779.00 ",7/13/2019,south
" $1,527.00 ",7/13/2019,east
" $1,689.00 ",7/13/2019,west
" $1,782.00 ",7/14/2019,north
" $1,662.00 ",7/14/2019,south
" $1,620.00 ",7/14/2019,east
" $1,692.00 ",7/14/2019,west
" $1,551.00 ",7/15/2019,north
" $1,620.00 ",7/15/2019,south
" $1,725.00 ",7/15/2019,east
" $1,602.00 ",7/15/2019,west
" $1,518.00 ",7/16/2019,north
" $1,761.00 ",7/16/2019,south
" $1,539.00 ",7/16/2019,east
" $1,614.00 ",7/16/2019,west
" $1,548.00 ",7/17/2019,north
" $1,551.00 ",7/17/2019,south
" $1,722.00 ",7/17/2019,east
" $1,662.00 ",7/17/2019,west
" $1,509.00 ",7/18/2019,north
" $1,773.00 ",7/18/2019,south
" $1,767.00 ",7/18/2019,east
" $1,581.00 ",7/18/2019,west
" $1,626.00 ",7/19/2019,north
" $1,734.00 ",7/19/2019,south
" $1,761.00 ",7/19/2019,east
" $1,659.00 ",7/19/2019,west
" $1,638.00 ",7/20/2019,north
" $1,539.00 ",7/20/2019,south
" $1,782.00 ",7/20/2019,east
" $1,728.00 ",7/20/2019,west
" $1,746.00 ",7/21/2019,north
" $1,536.00 ",7/21/2019,south
" $1,719.00 ",7/21/2019,east
" $1,773.00 ",7/21/2019,west
" $1,611.00 ",7/22/2019,north
" $1,665.00 ",7/22/2019,south
" $1,506.00 ",7/22/2019,east
" $1,746.00 ",7/22/2019,west
" $1,770.00 ",7/23/2019,north
" $1,734.00 ",7/23/2019,south
" $1,707.00 ",7/23/2019,east
" $1,620.00 ",7/23/2019,west
" $1,569.00 ",7/24/2019,north
" $1,656.00 ",7/24/2019,south
" $1,617.00 ",7/24/2019,east
" $1,638.00 ",7/24/2019,west
" $1,701.00 ",7/25/2019,north
" $1,713.00 ",7/25/2019,south
" $1,557.00 ",7/25/2019,east
" $1,725.00 ",7/25/2019,west
" $1,605.00 ",7/26/2019,north
" $1,770.00 ",7/26/2019,south
" $1,557.00 ",7/26/2019,east
" $1,755.00 ",7/26/2019,west
" $1,737.00 ",7/27/2019,north
" $1,785.00 ",7/27/2019,south
" $1,545.00 ",7/27/2019,east
" $1,560.00 ",7/27/2019,west
" $1,509.00 ",7/28/2019,north
" $1,761.00 ",7/28/2019,south
" $1,551.00 ",7/28/2019,east
" $1,683.00 ",7/28/2019,west
" $1,644.00 ",7/29/2019,north
" $1,608.00 ",7/29/2019,south
" $1,719.00 ",7/29/2019,east
" $1,794.00 ",7/29/2019,west
" $1,764.00 ",7/30/2019,north
" $1,512.00 ",7/30/2019,south
" $1,701.00 ",7/30/2019,east
" $1,797.00 ",7/30/2019,west
" $1,734.00 ",7/31/2019,north
" $1,791.00 ",7/31/2019,south
" $1,761.00 ",7/31/2019,east
" $1,587.00 ",7/31/2019,west
" $1,596.00 ",8/1/2019,north
" $1,542.00 ",8/1/2019,south
" $1,710.00 ",8/1/2019,east
" $1,701.00 ",8/1/2019,west
" $1,647.00 ",8/2/2019,north
" $1,524.00 ",8/2/2019,south
" $1,782.00 ",8/2/2019,east
" $1,716.00 ",8/2/2019,west
" $1,752.00 ",8/3/2019,north
" $1,686.00 ",8/3/2019,south
" $1,764.00 ",8/3/2019,east
" $1,755.00 ",8/3/2019,west
" $1,578.00 ",8/4/2019,north
" $1,539.00 ",8/4/2019,south
" $1,743.00 ",8/4/2019,east
" $1,596.00 ",8/4/2019,west
" $1,506.00 ",8/5/2019,north
" $1,527.00 ",8/5/2019,south
" $1,626.00 ",8/5/2019,east
" $1,530.00 ",8/5/2019,west
" $1,521.00 ",8/6/2019,north
" $1,713.00 ",8/6/2019,south
" $1,761.00 ",8/6/2019,east
" $1,557.00 ",8/6/2019,west
" $1,584.00 ",8/7/2019,north
" $1,764.00 ",8/7/2019,south
" $1,623.00 ",8/7/2019,east
" $1,776.00 ",8/7/2019,west
" $1,749.00 ",8/8/2019,north
" $1,707.00 ",8/8/2019,south
" $1,629.00 ",8/8/2019,east
" $1,773.00 ",8/8/2019,west
" $1,758.00 ",8/9/2019,north
" $1,671.00 ",8/9/2019,south
" $1,659.00 ",8/9/2019,east
" $1,641.00 ",8/9/2019,west
" $1,596.00 ",8/10/2019,north
" $1,626.00 ",8/10/2019,south
" $1,557.00 ",8/10/2019,east
" $1,695.00 ",8/10/2019,west
" $1,659.00 ",8/11/2019,north
" $1,680.00 ",8/11/2019,south
" $1,683.00 ",8/11/2019,east
" $1,692.00 ",8/11/2019,west
" $1,569.00 ",8/12/2019,north
" $1,740.00 ",8/12/2019,south
" $1,650.00 ",8/12/2019,east
" $1,569.00 ",8/12/2019,west
" $1,701.00 ",8/13/2019,north
" $1,677.00 ",8/13/2019,south
" $1,533.00 ",8/13/2019,east
" $1,587.00 ",8/13/2019,west
" $1,713.00 ",8/14/2019,north
" $1,611.00 ",8/14/2019,south
" $1,524.00 ",8/14/2019,east
" $1,725.00 ",8/14/2019,west
" $1,761.00 ",8/15/2019,north
" $1,569.00 ",8/15/2019,south
" $1,668.00 ",8/15/2019,east
" $1,563.00 ",8/15/2019,west
" $1,734.00 ",8/16/2019,north
" $1,524.00 ",8/16/2019,south
" $1,731.00 ",8/16/2019,east
" $1,665.00 ",8/16/2019,west
" $1,710.00 ",8/17/2019,north
" $1,509.00 ",8/17/2019,south
" $1,539.00 ",8/17/2019,east
" $1,533.00 ",8/17/2019,west
" $1,785.00 ",8/18/2019,north
" $1,665.00 ",8/18/2019,south
" $1,722.00 ",8/18/2019,east
" $1,659.00 ",8/18/2019,west
" $1,791.00 ",8/19/2019,north
" $1,680.00 ",8/19/2019,south
" $1,542.00 ",8/19/2019,east
" $1,701.00 ",8/19/2019,west
" $1,671.00 ",8/20/2019,north
" $1,656.00 ",8/20/2019,south
" $1,536.00 ",8/20/2019,east
" $1,800.00 ",8/20/2019,west
" $1,605.00 ",8/21/2019,north
" $1,671.00 ",8/21/2019,south
" $1,590.00 ",8/21/2019,east
" $1,545.00 ",8/21/2019,west
" $1,500.00 ",8/22/2019,north
" $1,779.00 ",8/22/2019,south
" $1,656.00 ",8/22/2019,east
" $1,731.00 ",8/22/2019,west
" $1,614.00 ",8/23/2019,north
" $1,782.00 ",8/23/2019,south
" $1,629.00 ",8/23/2019,east
" $1,635.00 ",8/23/2019,west
" $1,548.00 ",8/24/2019,north
" $1,776.00 ",8/24/2019,south
" $1,743.00 ",8/24/2019,east
" $1,737.00 ",8/24/2019,west
" $1,644.00 ",8/25/2019,north
" $1,626.00 ",8/25/2019,south
" $1,680.00 ",8/25/2019,east
" $1,524.00 ",8/25/2019,west
" $1,515.00 ",8/26/2019,north
" $1,704.00 ",8/26/2019,south
" $1,653.00 ",8/26/2019,east
" $1,554.00 ",8/26/2019,west
" $1,644.00 ",8/27/2019,north
" $1,674.00 ",8/27/2019,south
" $1,665.00 ",8/27/2019,east
" $1,755.00 ",8/27/2019,west
" $1,566.00 ",8/28/2019,north
" $1,659.00 ",8/28/2019,south
" $1,515.00 ",8/28/2019,east
" $1,779.00 ",8/28/2019,west
" $1,572.00 ",8/29/2019,north
" $1,770.00 ",8/29/2019,south
" $1,632.00 ",8/29/2019,east
" $1,677.00 ",8/29/2019,west
" $1,755.00 ",8/30/2019,north
" $1,527.00 ",8/30/2019,south
" $1,623.00 ",8/30/2019,east
" $1,668.00 ",8/30/2019,west
" $1,683.00 ",8/31/2019,north
" $1,698.00 ",8/31/2019,south
" $1,749.00 ",8/31/2019,east
" $1,632.00 ",8/31/2019,west
" $1,785.00 ",9/1/2019,north
" $1,707.00 ",9/1/2019,south
" $1,518.00 ",9/1/2019,east
" $1,563.00 ",9/1/2019,west
" $1,701.00 ",9/2/2019,north
" $1,605.00 ",9/2/2019,south
" $1,596.00 ",9/2/2019,east
" $1,605.00 ",9/2/2019,west
" $1,716.00 ",9/3/2019,north
" $1,569.00 ",9/3/2019,south
" $1,725.00 ",9/3/2019,east
" $1,542.00 ",9/3/2019,west
" $1,692.00 ",9/4/2019,north
" $1,560.00 ",9/4/2019,south
" $1,515.00 ",9/4/2019,east
" $1,653.00 ",9/4/2019,west
" $1,629.00 ",9/5/2019,north
" $1,668.00 ",9/5/2019,south
" $1,698.00 ",9/5/2019,east
" $1,677.00 ",9/5/2019,west
" $1,503.00 ",9/6/2019,north
" $1,776.00 ",9/6/2019,south
" $1,509.00 ",9/6/2019,east
" $1,665.00 ",9/6/2019,west
" $1,683.00 ",9/7/2019,north
" $1,530.00 ",9/7/2019,south
" $1,782.00 ",9/7/2019,east
" $1,584.00 ",9/7/2019,west
" $1,743.00 ",9/8/2019,north
" $1,551.00 ",9/8/2019,south
" $1,620.00 ",9/8/2019,east
" $1,791.00 ",9/8/2019,west
" $1,674.00 ",9/9/2019,north
" $1,797.00 ",9/9/2019,south
" $1,773.00 ",9/9/2019,east
" $1,596.00 ",9/9/2019,west
" $1,617.00 ",9/10/2019,north
" $1,764.00 ",9/10/2019,south
" $1,632.00 ",9/10/2019,east
" $1,506.00 ",9/10/2019,west
" $1,533.00 ",9/11/2019,north
" $1,677.00 ",9/11/2019,south
" $1,746.00 ",9/11/2019,east
" $1,668.00 ",9/11/2019,west
" $1,797.00 ",9/12/2019,north
" $1,545.00 ",9/12/2019,south
" $1,701.00 ",9/12/2019,east
" $1,578.00 ",9/12/2019,west
" $1,626.00 ",9/13/2019,north
" $1,512.00 ",9/13/2019,south
" $1,788.00 ",9/13/2019,east
" $1,671.00 ",9/13/2019,west
" $1,728.00 ",9/14/2019,north
" $1,653.00 ",9/14/2019,south
" $1,644.00 ",9/14/2019,east
" $1,734.00 ",9/14/2019,west
" $1,746.00 ",9/15/2019,north
" $1,524.00 ",9/15/2019,south
" $1,611.00 ",9/15/2019,east
" $1,626.00 ",9/15/2019,west
" $1,668.00 ",9/16/2019,north
" $1,734.00 ",9/16/2019,south
" $1,797.00 ",9/16/2019,east
" $1,725.00 ",9/16/2019,west
" $1,656.00 ",9/17/2019,north
" $1,530.00 ",9/17/2019,south
" $1,695.00 ",9/17/2019,east
" $1,656.00 ",9/17/2019,west
" $1,797.00 ",9/18/2019,north
" $1,515.00 ",9/18/2019,south
" $1,638.00 ",9/18/2019,east
" $1,797.00 ",9/18/2019,west
" $1,800.00 ",9/19/2019,north
" $1,560.00 ",9/19/2019,south
" $1,506.00 ",9/19/2019,east
" $1,581.00 ",9/19/2019,west
" $1,515.00 ",9/20/2019,north
" $1,527.00 ",9/20/2019,south
" $1,758.00 ",9/20/2019,east
" $1,638.00 ",9/20/2019,west
" $1,605.00 ",9/21/2019,north
" $1,716.00 ",9/21/2019,south
" $1,569.00 ",9/21/2019,east
" $1,674.00 ",9/21/2019,west
" $1,632.00 ",9/22/2019,north
" $1,734.00 ",9/22/2019,south
" $1,530.00 ",9/22/2019,east
" $1,689.00 ",9/22/2019,west
" $1,641.00 ",9/23/2019,north
" $1,779.00 ",9/23/2019,south
" $1,659.00 ",9/23/2019,east
" $1,797.00 ",9/23/2019,west
" $1,767.00 ",9/24/2019,north
" $1,755.00 ",9/24/2019,south
" $1,602.00 ",9/24/2019,east
" $1,524.00 ",9/24/2019,west
" $1,794.00 ",9/25/2019,north
" $1,626.00 ",9/25/2019,south
" $1,617.00 ",9/25/2019,east
" $1,773.00 ",9/25/2019,west
" $1,719.00 ",9/26/2019,north
" $1,509.00 ",9/26/2019,south
" $1,686.00 ",9/26/2019,east
" $1,668.00 ",9/26/2019,west
" $1,731.00 ",9/27/2019,north
" $1,590.00 ",9/27/2019,south
" $1,728.00 ",9/27/2019,east
" $1,722.00 ",9/27/2019,west
" $1,548.00 ",9/28/2019,north
" $1,599.00 ",9/28/2019,south
" $1,605.00 ",9/28/2019,east
" $1,671.00 ",9/28/2019,west
" $1,512.00 ",9/29/2019,north
" $1,650.00 ",9/29/2019,south
" $1,614.00 ",9/29/2019,east
" $1,674.00 ",9/29/2019,west
" $1,638.00 ",9/30/2019,north
" $1,731.00 ",9/30/2019,south
" $1,716.00 ",9/30/2019,east
" $1,566.00 ",9/30/2019,west
" $1,707.00 ",10/1/2019,north
" $1,554.00 ",10/1/2019,south
" $1,632.00 ",10/1/2019,east
" $1,584.00 ",10/1/2019,west
" $1,653.00 ",10/2/2019,north
" $1,770.00 ",10/2/2019,south
" $1,758.00 ",10/2/2019,east
" $1,569.00 ",10/2/2019,west
" $1,797.00 ",10/3/2019,north
" $1,551.00 ",10/3/2019,south
" $1,677.00 ",10/3/2019,east
" $1,599.00 ",10/3/2019,west
" $1,512.00 ",10/4/2019,north
" $1,635.00 ",10/4/2019,south
" $1,749.00 ",10/4/2019,east
" $1,689.00 ",10/4/2019,west
" $1,614.00 ",10/5/2019,north
" $1,527.00 ",10/5/2019,south
" $1,521.00 ",10/5/2019,east
" $1,725.00 ",10/5/2019,west
" $1,587.00 ",10/6/2019,north
" $1,701.00 ",10/6/2019,south
" $1,566.00 ",10/6/2019,east
" $1,752.00 ",10/6/2019,west
" $1,668.00 ",10/7/2019,north
" $1,686.00 ",10/7/2019,south
" $1,611.00 ",10/7/2019,east
" $1,569.00 ",10/7/2019,west
" $1,599.00 ",10/8/2019,north
" $1,539.00 ",10/8/2019,south
" $1,611.00 ",10/8/2019,east
" $1,605.00 ",10/8/2019,west
" $1,680.00 ",10/9/2019,north
" $1,704.00 ",10/9/2019,south
" $1,689.00 ",10/9/2019,east
" $1,644.00 ",10/9/2019,west
" $1,701.00 ",10/10/2019,north
" $1,560.00 ",10/10/2019,south
" $1,791.00 ",10/10/2019,east
" $1,698.00 ",10/10/2019,west
" $1,539.00 ",10/11/2019,north
" $1,542.00 ",10/11/2019,south
" $1,704.00 ",10/11/2019,east
" $1,728.00 ",10/11/2019,west
" $1,590.00 ",10/12/2019,north
" $1,743.00 ",10/12/2019,south
" $1,569.00 ",10/12/2019,east
" $1,722.00 ",10/12/2019,west
" $1,545.00 ",10/13/2019,north
" $1,533.00 ",10/13/2019,south
" $1,674.00 ",10/13/2019,east
" $1,704.00 ",10/13/2019,west
" $1,524.00 ",10/14/2019,north
" $1,578.00 ",10/14/2019,south
" $1,692.00 ",10/14/2019,east
" $1,635.00 ",10/14/2019,west
" $1,782.00 ",10/15/2019,north
" $1,587.00 ",10/15/2019,south
" $1,638.00 ",10/15/2019,east
" $1,752.00 ",10/15/2019,west
" $1,542.00 ",10/16/2019,north
" $1,608.00 ",10/16/2019,south
" $1,683.00 ",10/16/2019,east
" $1,596.00 ",10/16/2019,west
" $1,527.00 ",10/17/2019,north
" $1,737.00 ",10/17/2019,south
" $1,671.00 ",10/17/2019,east
" $1,662.00 ",10/17/2019,west
" $1,518.00 ",10/18/2019,north
" $1,746.00 ",10/18/2019,south
" $1,590.00 ",10/18/2019,east
" $1,710.00 ",10/18/2019,west
" $1,647.00 ",10/19/2019,north
" $1,737.00 ",10/19/2019,south
" $1,761.00 ",10/19/2019,east
" $1,587.00 ",10/19/2019,west
" $1,701.00 ",10/20/2019,north
" $1,524.00 ",10/20/2019,south
" $1,677.00 ",10/20/2019,east
" $1,725.00 ",10/20/2019,west
" $1,653.00 ",10/21/2019,north
" $1,686.00 ",10/21/2019,south
" $1,698.00 ",10/21/2019,east
" $1,560.00 ",10/21/2019,west
" $1,515.00 ",10/22/2019,north
" $1,734.00 ",10/22/2019,south
" $1,551.00 ",10/22/2019,east
" $1,713.00 ",10/22/2019,west
" $1,758.00 ",10/23/2019,north
" $1,644.00 ",10/23/2019,south
" $1,758.00 ",10/23/2019,east
" $1,641.00 ",10/23/2019,west
" $1,617.00 ",10/24/2019,north
" $1,611.00 ",10/24/2019,south
" $1,788.00 ",10/24/2019,east
" $1,602.00 ",10/24/2019,west
" $1,638.00 ",10/25/2019,north
" $1,620.00 ",10/25/2019,south
" $1,665.00 ",10/25/2019,east
" $1,500.00 ",10/25/2019,west
" $1,671.00 ",10/26/2019,north
" $1,566.00 ",10/26/2019,south
" $1,740.00 ",10/26/2019,east
" $1,599.00 ",10/26/2019,west
" $1,710.00 ",10/27/2019,north
" $1,668.00 ",10/27/2019,south
" $1,740.00 ",10/27/2019,east
" $1,698.00 ",10/27/2019,west
" $1,503.00 ",10/28/2019,north
" $1,689.00 ",10/28/2019,south
" $1,626.00 ",10/28/2019,east
" $1,674.00 ",10/28/2019,west
" $1,542.00 ",10/29/2019,north
" $1,692.00 ",10/29/2019,south
" $1,719.00 ",10/29/2019,east
" $1,512.00 ",10/29/2019,west
" $1,731.00 ",10/30/2019,north
" $1,644.00 ",10/30/2019,south
" $1,746.00 ",10/30/2019,east
" $1,689.00 ",10/30/2019,west
" $1,800.00 ",10/31/2019,north
" $1,527.00 ",10/31/2019,south
" $1,533.00 ",10/31/2019,east
" $1,800.00 ",10/31/2019,west
" $1,644.00 ",11/1/2019,north
" $1,500.00 ",11/1/2019,south
" $1,800.00 ",11/1/2019,east
" $1,767.00 ",11/1/2019,west
" $1,791.00 ",11/2/2019,north
" $1,776.00 ",11/2/2019,south
" $1,596.00 ",11/2/2019,east
" $1,734.00 ",11/2/2019,west
" $1,542.00 ",11/3/2019,north
" $1,608.00 ",11/3/2019,south
" $1,617.00 ",11/3/2019,east
" $1,623.00 ",11/3/2019,west
" $1,674.00 ",11/4/2019,north
" $1,782.00 ",11/4/2019,south
" $1,680.00 ",11/4/2019,east
" $1,512.00 ",11/4/2019,west
" $1,500.00 ",11/5/2019,north
" $1,668.00 ",11/5/2019,south
" $1,758.00 ",11/5/2019,east
" $1,533.00 ",11/5/2019,west
" $1,785.00 ",11/6/2019,north
" $1,533.00 ",11/6/2019,south
" $1,659.00 ",11/6/2019,east
" $1,506.00 ",11/6/2019,west
" $1,656.00 ",11/7/2019,north
" $1,728.00 ",11/7/2019,south
" $1,728.00 ",11/7/2019,east
" $1,713.00 ",11/7/2019,west
" $1,797.00 ",11/8/2019,north
" $1,686.00 ",11/8/2019,south
" $1,584.00 ",11/8/2019,east
" $1,713.00 ",11/8/2019,west
" $1,665.00 ",11/9/2019,north
" $1,557.00 ",11/9/2019,south
" $1,656.00 ",11/9/2019,east
" $1,767.00 ",11/9/2019,west
" $1,515.00 ",11/10/2019,north
" $1,761.00 ",11/10/2019,south
" $1,767.00 ",11/10/2019,east
" $1,641.00 ",11/10/2019,west
" $1,584.00 ",11/11/2019,north
" $1,545.00 ",11/11/2019,south
" $1,695.00 ",11/11/2019,east
" $1,761.00 ",11/11/2019,west
" $1,701.00 ",11/12/2019,north
" $1,767.00 ",11/12/2019,south
" $1,632.00 ",11/12/2019,east
" $1,704.00 ",11/12/2019,west
" $1,599.00 ",11/13/2019,north
" $1,509.00 ",11/13/2019,south
" $1,728.00 ",11/13/2019,east
" $1,683.00 ",11/13/2019,west
" $1,740.00 ",11/14/2019,north
" $1,626.00 ",11/14/2019,south
" $1,572.00 ",11/14/2019,east
" $1,716.00 ",11/14/2019,west
" $1,641.00 ",11/15/2019,north
" $1,560.00 ",11/15/2019,south
" $1,614.00 ",11/15/2019,east
" $1,605.00 ",11/15/2019,west
" $1,503.00 ",11/16/2019,north
" $1,638.00 ",11/16/2019,south
" $1,662.00 ",11/16/2019,east
" $1,653.00 ",11/16/2019,west
" $1,734.00 ",11/17/2019,north
" $1,599.00 ",11/17/2019,south
" $1,515.00 ",11/17/2019,east
" $1,608.00 ",11/17/2019,west
" $1,566.00 ",11/18/2019,north
" $1,734.00 ",11/18/2019,south
" $1,719.00 ",11/18/2019,east
" $1,773.00 ",11/18/2019,west
" $1,791.00 ",11/19/2019,north
" $1,779.00 ",11/19/2019,south
" $1,641.00 ",11/19/2019,east
" $1,617.00 ",11/19/2019,west
" $1,533.00 ",11/20/2019,north
" $1,527.00 ",11/20/2019,south
" $1,512.00 ",11/20/2019,east
" $1,515.00 ",11/20/2019,west
" $1,734.00 ",11/21/2019,north
" $1,668.00 ",11/21/2019,south
" $1,665.00 ",11/21/2019,east
" $1,644.00 ",11/21/2019,west
" $1,767.00 ",11/22/2019,north
" $1,647.00 ",11/22/2019,south
" $1,665.00 ",11/22/2019,east
" $1,776.00 ",11/22/2019,west
" $1,665.00 ",11/23/2019,north
" $1,632.00 ",11/23/2019,south
" $1,521.00 ",11/23/2019,east
" $1,659.00 ",11/23/2019,west
" $1,623.00 ",11/24/2019,north
" $1,698.00 ",11/24/2019,south
" $1,596.00 ",11/24/2019,east
" $1,674.00 ",11/24/2019,west
" $1,749.00 ",11/25/2019,north
" $1,536.00 ",11/25/2019,south
" $1,734.00 ",11/25/2019,east
" $1,716.00 ",11/25/2019,west
" $1,599.00 ",11/26/2019,north
" $1,500.00 ",11/26/2019,south
" $1,518.00 ",11/26/2019,east
" $1,584.00 ",11/26/2019,west
" $1,551.00 ",11/27/2019,north
" $1,701.00 ",11/27/2019,south
" $1,689.00 ",11/27/2019,east
" $1,746.00 ",11/27/2019,west
" $1,725.00 ",11/28/2019,north
" $1,776.00 ",11/28/2019,south
" $1,707.00 ",11/28/2019,east
" $1,794.00 ",11/28/2019,west
" $1,641.00 ",11/29/2019,north
" $1,653.00 ",11/29/2019,south
" $1,716.00 ",11/29/2019,east
" $1,776.00 ",11/29/2019,west
" $1,797.00 ",11/30/2019,north
" $1,782.00 ",11/30/2019,south
" $1,653.00 ",11/30/2019,east
" $1,596.00 ",11/30/2019,west
" $1,704.00 ",12/1/2019,north
" $1,626.00 ",12/1/2019,south
" $1,617.00 ",12/1/2019,east
" $1,680.00 ",12/1/2019,west
" $1,608.00 ",12/2/2019,north
" $1,713.00 ",12/2/2019,south
" $1,632.00 ",12/2/2019,east
" $1,680.00 ",12/2/2019,west
" $1,791.00 ",12/3/2019,north
" $1,761.00 ",12/3/2019,south
" $1,749.00 ",12/3/2019,east
" $1,626.00 ",12/3/2019,west
" $1,773.00 ",12/4/2019,north
" $1,623.00 ",12/4/2019,south
" $1,662.00 ",12/4/2019,east
" $1,731.00 ",12/4/2019,west
" $1,755.00 ",12/5/2019,north
" $1,602.00 ",12/5/2019,south
" $1,740.00 ",12/5/2019,east
" $1,605.00 ",12/5/2019,west
" $1,680.00 ",12/6/2019,north
" $1,572.00 ",12/6/2019,south
" $1,542.00 ",12/6/2019,east
" $1,779.00 ",12/6/2019,west
" $1,671.00 ",12/7/2019,north
" $1,722.00 ",12/7/2019,south
" $1,728.00 ",12/7/2019,east
" $1,659.00 ",12/7/2019,west
" $1,770.00 ",12/8/2019,north
" $1,632.00 ",12/8/2019,south
" $1,536.00 ",12/8/2019,east
" $1,734.00 ",12/8/2019,west
" $1,584.00 ",12/9/2019,north
" $1,713.00 ",12/9/2019,south
" $1,728.00 ",12/9/2019,east
" $1,725.00 ",12/9/2019,west
" $1,506.00 ",12/10/2019,north
" $1,503.00 ",12/10/2019,south
" $1,521.00 ",12/10/2019,east
" $1,713.00 ",12/10/2019,west
" $1,635.00 ",12/11/2019,north
" $1,506.00 ",12/11/2019,south
" $1,542.00 ",12/11/2019,east
" $1,551.00 ",12/11/2019,west
" $1,623.00 ",12/12/2019,north
" $1,719.00 ",12/12/2019,south
" $1,563.00 ",12/12/2019,east
" $1,791.00 ",12/12/2019,west
" $1,800.00 ",12/13/2019,north
" $1,800.00 ",12/13/2019,south
" $1,740.00 ",12/13/2019,east
" $1,755.00 ",12/13/2019,west
" $1,716.00 ",12/14/2019,north
" $1,632.00 ",12/14/2019,south
" $1,599.00 ",12/14/2019,east
" $1,632.00 ",12/14/2019,west
" $1,725.00 ",12/15/2019,north
" $1,743.00 ",12/15/2019,south
" $1,587.00 ",12/15/2019,east
" $1,608.00 ",12/15/2019,west
" $1,662.00 ",12/16/2019,north
" $1,791.00 ",12/16/2019,south
" $1,773.00 ",12/16/2019,east
" $1,650.00 ",12/16/2019,west
" $1,518.00 ",12/17/2019,north
" $1,749.00 ",12/17/2019,south
" $1,689.00 ",12/17/2019,east
" $1,533.00 ",12/17/2019,west
" $1,533.00 ",12/18/2019,north
" $1,641.00 ",12/18/2019,south
" $1,590.00 ",12/18/2019,east
" $1,740.00 ",12/18/2019,west
" $1,665.00 ",12/19/2019,north
" $1,773.00 ",12/19/2019,south
" $1,503.00 ",12/19/2019,east
" $1,542.00 ",12/19/2019,west
" $1,788.00 ",12/20/2019,north
" $1,773.00 ",12/20/2019,south
" $1,788.00 ",12/20/2019,east
" $1,785.00 ",12/20/2019,west
" $1,605.00 ",12/21/2019,north
" $1,701.00 ",12/21/2019,south
" $1,626.00 ",12/21/2019,east
" $1,623.00 ",12/21/2019,west
" $1,671.00 ",12/22/2019,north
" $1,629.00 ",12/22/2019,south
" $1,725.00 ",12/22/2019,east
" $1,557.00 ",12/22/2019,west
" $1,671.00 ",12/23/2019,north
" $1,662.00 ",12/23/2019,south
" $1,674.00 ",12/23/2019,east
" $1,671.00 ",12/23/2019,west
" $1,620.00 ",12/24/2019,north
" $1,716.00 ",12/24/2019,south
" $1,674.00 ",12/24/2019,east
" $1,686.00 ",12/24/2019,west
" $1,752.00 ",12/25/2019,north
" $1,725.00 ",12/25/2019,south
" $1,545.00 ",12/25/2019,east
" $1,506.00 ",12/25/2019,west
" $1,539.00 ",12/26/2019,north
" $1,716.00 ",12/26/2019,south
" $1,500.00 ",12/26/2019,east
" $1,794.00 ",12/26/2019,west
" $1,716.00 ",12/27/2019,north
" $1,665.00 ",12/27/2019,south
" $1,557.00 ",12/27/2019,east
" $1,620.00 ",12/27/2019,west
" $1,779.00 ",12/28/2019,north
" $1,779.00 ",12/28/2019,south
" $1,752.00 ",12/28/2019,east
" $1,773.00 ",12/28/2019,west
" $1,800.00 ",12/29/2019,north
" $1,773.00 ",12/29/2019,south
" $1,767.00 ",12/29/2019,east
" $1,683.00 ",12/29/2019,west
" $1,542.00 ",12/30/2019,north
" $1,728.00 ",12/30/2019,south
" $1,569.00 ",12/30/2019,east
" $1,659.00 ",12/30/2019,west
" $1,581.00 ",12/31/2019,north
" $1,713.00 ",12/31/2019,south
" $1,533.00 ",12/31/2019,east
" $1,692.00 ",12/31/2019,west
" $1,506.00 ",1/1/2020,north
" $1,659.00 ",1/1/2020,south
" $1,719.00 ",1/1/2020,east
" $1,704.00 ",1/1/2020,west
" $1,767.00 ",1/2/2020,north
" $1,542.00 ",1/2/2020,south
" $1,542.00 ",1/2/2020,east
" $1,629.00 ",1/2/2020,west
" $1,659.00 ",1/3/2020,north
" $1,539.00 ",1/3/2020,south
" $1,734.00 ",1/3/2020,east
" $1,761.00 ",1/3/2020,west
" $1,560.00 ",1/4/2020,north
" $1,767.00 ",1/4/2020,south
" $1,791.00 ",1/4/2020,east
" $1,632.00 ",1/4/2020,west
" $1,716.00 ",1/5/2020,north
" $1,536.00 ",1/5/2020,south
" $1,662.00 ",1/5/2020,east
" $1,680.00 ",1/5/2020,west
" $1,689.00 ",1/6/2020,north
" $1,779.00 ",1/6/2020,south
" $1,512.00 ",1/6/2020,east
" $1,578.00 ",1/6/2020,west
" $1,560.00 ",1/7/2020,north
" $1,581.00 ",1/7/2020,south
" $1,677.00 ",1/7/2020,east
" $1,599.00 ",1/7/2020,west
" $1,713.00 ",1/8/2020,north
" $1,800.00 ",1/8/2020,south
" $1,767.00 ",1/8/2020,east
" $1,752.00 ",1/8/2020,west
" $1,509.00 ",1/9/2020,north
" $1,539.00 ",1/9/2020,south
" $1,671.00 ",1/9/2020,east
" $1,668.00 ",1/9/2020,west
" $1,692.00 ",1/10/2020,north
" $1,584.00 ",1/10/2020,south
" $1,710.00 ",1/10/2020,east
" $1,686.00 ",1/10/2020,west
" $1,617.00 ",1/11/2020,north
" $1,665.00 ",1/11/2020,south
" $1,722.00 ",1/11/2020,east
" $1,551.00 ",1/11/2020,west
" $1,620.00 ",1/12/2020,north
" $1,791.00 ",1/12/2020,south
" $1,662.00 ",1/12/2020,east
" $1,656.00 ",1/12/2020,west
" $1,644.00 ",1/13/2020,north
" $1,659.00 ",1/13/2020,south
" $1,740.00 ",1/13/2020,east
" $1,668.00 ",1/13/2020,west
" $1,566.00 ",1/14/2020,north
" $1,575.00 ",1/14/2020,south
" $1,566.00 ",1/14/2020,east
" $1,578.00 ",1/14/2020,west
" $1,737.00 ",1/15/2020,north
" $1,596.00 ",1/15/2020,south
" $1,776.00 ",1/15/2020,east
" $1,638.00 ",1/15/2020,west
" $1,749.00 ",1/16/2020,north
" $1,752.00 ",1/16/2020,south
" $1,635.00 ",1/16/2020,east
" $1,581.00 ",1/16/2020,west
" $1,521.00 ",1/17/2020,north
" $1,536.00 ",1/17/2020,south
" $1,665.00 ",1/17/2020,east
" $1,782.00 ",1/17/2020,west
" $1,650.00 ",1/18/2020,north
" $1,749.00 ",1/18/2020,south
" $1,797.00 ",1/18/2020,east
" $1,650.00 ",1/18/2020,west
" $1,608.00 ",1/19/2020,north
" $1,608.00 ",1/19/2020,south
" $1,575.00 ",1/19/2020,east
" $1,590.00 ",1/19/2020,west
" $1,665.00 ",1/20/2020,north
" $1,596.00 ",1/20/2020,south
" $1,581.00 ",1/20/2020,east
" $1,695.00 ",1/20/2020,west
" $1,647.00 ",1/21/2020,north
" $1,776.00 ",1/21/2020,south
" $1,719.00 ",1/21/2020,east
" $1,578.00 ",1/21/2020,west
" $1,503.00 ",1/22/2020,north
" $1,569.00 ",1/22/2020,south
" $1,731.00 ",1/22/2020,east
" $1,551.00 ",1/22/2020,west
" $1,626.00 ",1/23/2020,north
" $1,518.00 ",1/23/2020,south
" $1,575.00 ",1/23/2020,east
" $1,611.00 ",1/23/2020,west
" $1,629.00 ",1/24/2020,north
" $1,704.00 ",1/24/2020,south
" $1,656.00 ",1/24/2020,east
" $1,554.00 ",1/24/2020,west
" $1,575.00 ",1/25/2020,north
" $1,638.00 ",1/25/2020,south
" $1,635.00 ",1/25/2020,east
" $1,548.00 ",1/25/2020,west
" $1,710.00 ",1/26/2020,north
" $1,584.00 ",1/26/2020,south
" $1,716.00 ",1/26/2020,east
" $1,602.00 ",1/26/2020,west
" $1,569.00 ",1/27/2020,north
" $1,506.00 ",1/27/2020,south
" $1,671.00 ",1/27/2020,east
" $1,584.00 ",1/27/2020,west
" $1,689.00 ",1/28/2020,north
" $1,773.00 ",1/28/2020,south
" $1,647.00 ",1/28/2020,east
" $1,503.00 ",1/28/2020,west
" $1,593.00 ",1/29/2020,north
" $1,506.00 ",1/29/2020,south
" $1,740.00 ",1/29/2020,east
" $1,572.00 ",1/29/2020,west
" $1,620.00 ",1/30/2020,north
" $1,542.00 ",1/30/2020,south
" $1,593.00 ",1/30/2020,east
" $1,500.00 ",1/30/2020,west
" $1,635.00 ",1/31/2020,north
" $1,656.00 ",1/31/2020,south
" $1,779.00 ",1/31/2020,east
" $1,605.00 ",1/31/2020,west
" $1,602.00 ",2/1/2020,north
" $1,794.00 ",2/1/2020,south
" $1,677.00 ",2/1/2020,east
" $1,521.00 ",2/1/2020,west
" $1,707.00 ",2/2/2020,north
" $1,665.00 ",2/2/2020,south
" $1,713.00 ",2/2/2020,east
" $1,659.00 ",2/2/2020,west
" $1,548.00 ",2/3/2020,north
" $1,647.00 ",2/3/2020,south
" $1,764.00 ",2/3/2020,east
" $1,662.00 ",2/3/2020,west
" $1,563.00 ",2/4/2020,north
" $1,755.00 ",2/4/2020,south
" $1,659.00 ",2/4/2020,east
" $1,575.00 ",2/4/2020,west
" $1,716.00 ",2/5/2020,north
" $1,506.00 ",2/5/2020,south
" $1,734.00 ",2/5/2020,east
" $1,704.00 ",2/5/2020,west
" $1,512.00 ",2/6/2020,north
" $1,572.00 ",2/6/2020,south
" $1,782.00 ",2/6/2020,east
" $1,554.00 ",2/6/2020,west
" $1,782.00 ",2/7/2020,north
" $1,701.00 ",2/7/2020,south
" $1,698.00 ",2/7/2020,east
" $1,671.00 ",2/7/2020,west
" $1,584.00 ",2/8/2020,north
" $1,602.00 ",2/8/2020,south
" $1,755.00 ",2/8/2020,east
" $1,614.00 ",2/8/2020,west
" $1,743.00 ",2/9/2020,north
" $1,788.00 ",2/9/2020,south
" $1,644.00 ",2/9/2020,east
" $1,728.00 ",2/9/2020,west
" $1,599.00 ",2/10/2020,north
" $1,689.00 ",2/10/2020,south
" $1,776.00 ",2/10/2020,east
" $1,569.00 ",2/10/2020,west
" $1,791.00 ",2/11/2020,north
" $1,638.00 ",2/11/2020,south
" $1,716.00 ",2/11/2020,east
" $1,788.00 ",2/11/2020,west
" $1,758.00 ",2/12/2020,north
" $1,752.00 ",2/12/2020,south
" $1,599.00 ",2/12/2020,east
" $1,533.00 ",2/12/2020,west
" $1,548.00 ",2/13/2020,north
" $1,800.00 ",2/13/2020,south
" $1,659.00 ",2/13/2020,east
" $1,617.00 ",2/13/2020,west
" $1,746.00 ",2/14/2020,north
" $1,644.00 ",2/14/2020,south
" $1,698.00 ",2/14/2020,east
" $1,533.00 ",2/14/2020,west
" $1,704.00 ",2/15/2020,north
" $1,524.00 ",2/15/2020,south
" $1,545.00 ",2/15/2020,east
" $1,731.00 ",2/15/2020,west
" $1,665.00 ",2/16/2020,north
" $1,791.00 ",2/16/2020,south
" $1,605.00 ",2/16/2020,east
" $1,743.00 ",2/16/2020,west
" $1,677.00 ",2/17/2020,north
" $1,590.00 ",2/17/2020,south
" $1,722.00 ",2/17/2020,east
" $1,743.00 ",2/17/2020,west
" $1,668.00 ",2/18/2020,north
" $1,620.00 ",2/18/2020,south
" $1,704.00 ",2/18/2020,east
" $1,683.00 ",2/18/2020,west
" $1,551.00 ",2/19/2020,north
" $1,650.00 ",2/19/2020,south
" $1,689.00 ",2/19/2020,east
" $1,638.00 ",2/19/2020,west
" $1,518.00 ",2/20/2020,north
" $1,593.00 ",2/20/2020,south
" $1,632.00 ",2/20/2020,east
" $1,602.00 ",2/20/2020,west
" $1,761.00 ",2/21/2020,north
" $1,755.00 ",2/21/2020,south
" $1,581.00 ",2/21/2020,east
" $1,794.00 ",2/21/2020,west
" $1,545.00 ",2/22/2020,north
" $1,689.00 ",2/22/2020,south
" $1,632.00 ",2/22/2020,east
" $1,668.00 ",2/22/2020,west
" $1,638.00 ",2/23/2020,north
" $1,602.00 ",2/23/2020,south
" $1,686.00 ",2/23/2020,east
" $1,776.00 ",2/23/2020,west
" $1,593.00 ",2/24/2020,north
" $1,734.00 ",2/24/2020,south
" $1,608.00 ",2/24/2020,east
" $1,617.00 ",2/24/2020,west
" $1,656.00 ",2/25/2020,north
" $1,722.00 ",2/25/2020,south
" $1,566.00 ",2/25/2020,east
" $1,548.00 ",2/25/2020,west
" $1,545.00 ",2/26/2020,north
" $1,521.00 ",2/26/2020,south
" $1,728.00 ",2/26/2020,east
" $1,668.00 ",2/26/2020,west
" $1,698.00 ",2/27/2020,north
" $1,599.00 ",2/27/2020,south
" $1,581.00 ",2/27/2020,east
" $1,527.00 ",2/27/2020,west
" $1,509.00 ",2/28/2020,north
" $1,686.00 ",2/28/2020,south
" $1,590.00 ",2/28/2020,east
" $1,689.00 ",2/28/2020,west
" $1,671.00 ",2/29/2020,north
" $1,728.00 ",2/29/2020,south
" $1,524.00 ",2/29/2020,east
" $1,656.00 ",2/29/2020,west
" $1,593.00 ",3/1/2020,north
" $1,626.00 ",3/1/2020,south
" $1,626.00 ",3/1/2020,east
" $1,692.00 ",3/1/2020,west
" $1,509.00 ",3/2/2020,north
" $1,788.00 ",3/2/2020,south
" $1,572.00 ",3/2/2020,east
" $1,569.00 ",3/2/2020,west
" $1,632.00 ",3/3/2020,north
" $1,548.00 ",3/3/2020,south
" $1,623.00 ",3/3/2020,east
" $1,506.00 ",3/3/2020,west
" $1,773.00 ",3/4/2020,north
" $1,677.00 ",3/4/2020,south
" $1,638.00 ",3/4/2020,east
" $1,569.00 ",3/4/2020,west
" $1,794.00 ",3/5/2020,north
" $1,764.00 ",3/5/2020,south
" $1,530.00 ",3/5/2020,east
" $1,770.00 ",3/5/2020,west
" $1,623.00 ",3/6/2020,north
" $1,734.00 ",3/6/2020,south
" $1,698.00 ",3/6/2020,east
" $1,503.00 ",3/6/2020,west
" $1,641.00 ",3/7/2020,north
" $1,581.00 ",3/7/2020,south
" $1,797.00 ",3/7/2020,east
" $1,674.00 ",3/7/2020,west
" $1,701.00 ",3/8/2020,north
" $1,590.00 ",3/8/2020,south
" $1,599.00 ",3/8/2020,east
" $1,791.00 ",3/8/2020,west
" $1,719.00 ",3/9/2020,north
" $1,776.00 ",3/9/2020,south
" $1,542.00 ",3/9/2020,east
" $1,740.00 ",3/9/2020,west
" $1,644.00 ",3/10/2020,north
" $1,653.00 ",3/10/2020,south
" $1,797.00 ",3/10/2020,east
" $1,740.00 ",3/10/2020,west
" $1,605.00 ",3/11/2020,north
" $1,584.00 ",3/11/2020,south
" $1,662.00 ",3/11/2020,east
" $1,572.00 ",3/11/2020,west
" $1,635.00 ",3/12/2020,north
" $1,548.00 ",3/12/2020,south
" $1,680.00 ",3/12/2020,east
" $1,767.00 ",3/12/2020,west
" $1,554.00 ",3/13/2020,north
" $1,686.00 ",3/13/2020,south
" $1,749.00 ",3/13/2020,east
" $1,554.00 ",3/13/2020,west
" $1,662.00 ",3/14/2020,north
" $1,557.00 ",3/14/2020,south
" $1,755.00 ",3/14/2020,east
" $1,758.00 ",3/14/2020,west
" $1,500.00 ",3/15/2020,north
" $1,665.00 ",3/15/2020,south
" $1,761.00 ",3/15/2020,east
" $1,626.00 ",3/15/2020,west
" $1,650.00 ",3/16/2020,north
" $1,722.00 ",3/16/2020,south
" $1,641.00 ",3/16/2020,east
" $1,611.00 ",3/16/2020,west
" $1,701.00 ",3/17/2020,north
" $1,701.00 ",3/17/2020,south
" $1,794.00 ",3/17/2020,east
" $1,509.00 ",3/17/2020,west
" $1,566.00 ",3/18/2020,north
" $1,716.00 ",3/18/2020,south
" $1,701.00 ",3/18/2020,east
" $1,605.00 ",3/18/2020,west
" $1,581.00 ",3/19/2020,north
" $1,797.00 ",3/19/2020,south
" $1,725.00 ",3/19/2020,east
" $1,554.00 ",3/19/2020,west
" $1,665.00 ",3/20/2020,north
" $1,641.00 ",3/20/2020,south
" $1,677.00 ",3/20/2020,east
" $1,707.00 ",3/20/2020,west
" $1,575.00 ",3/21/2020,north
" $1,674.00 ",3/21/2020,south
" $1,707.00 ",3/21/2020,east
" $1,710.00 ",3/21/2020,west
" $1,644.00 ",3/22/2020,north
" $1,668.00 ",3/22/2020,south
" $1,674.00 ",3/22/2020,east
" $1,737.00 ",3/22/2020,west
" $1,767.00 ",3/23/2020,north
" $1,620.00 ",3/23/2020,south
" $1,593.00 ",3/23/2020,east
" $1,542.00 ",3/23/2020,west
" $1,548.00 ",3/24/2020,north
" $1,662.00 ",3/24/2020,south
" $1,740.00 ",3/24/2020,east
" $1,572.00 ",3/24/2020,west
" $1,779.00 ",3/25/2020,north
" $1,770.00 ",3/25/2020,south
" $1,623.00 ",3/25/2020,east
" $1,575.00 ",3/25/2020,west
" $1,785.00 ",3/26/2020,north
" $1,671.00 ",3/26/2020,south
" $1,749.00 ",3/26/2020,east
" $1,791.00 ",3/26/2020,west
" $1,713.00 ",3/27/2020,north
" $1,623.00 ",3/27/2020,south
" $1,605.00 ",3/27/2020,east
" $1,566.00 ",3/27/2020,west
" $1,569.00 ",3/28/2020,north
" $1,605.00 ",3/28/2020,south
" $1,728.00 ",3/28/2020,east
" $1,665.00 ",3/28/2020,west
" $1,782.00 ",3/29/2020,north
" $1,800.00 ",3/29/2020,south
" $1,518.00 ",3/29/2020,east
" $1,800.00 ",3/29/2020,west
" $1,515.00 ",3/30/2020,north
" $1,764.00 ",3/30/2020,south
" $1,632.00 ",3/30/2020,east
" $1,608.00 ",3/30/2020,west
" $1,794.00 ",3/31/2020,north
" $1,635.00 ",3/31/2020,south
" $1,572.00 ",3/31/2020,east
" $1,629.00 ",3/31/2020,west
" $1,557.00 ",4/1/2020,north
" $1,536.00 ",4/1/2020,south
" $1,587.00 ",4/1/2020,east
" $1,728.00 ",4/1/2020,west
" $1,779.00 ",4/2/2020,north
" $1,773.00 ",4/2/2020,south
" $1,794.00 ",4/2/2020,east
" $1,503.00 ",4/2/2020,west
" $1,767.00 ",4/3/2020,north
" $1,743.00 ",4/3/2020,south
" $1,560.00 ",4/3/2020,east
" $1,746.00 ",4/3/2020,west
" $1,731.00 ",4/4/2020,north
" $1,692.00 ",4/4/2020,south
" $1,722.00 ",4/4/2020,east
" $1,563.00 ",4/4/2020,west
" $1,797.00 ",4/5/2020,north
" $1,755.00 ",4/5/2020,south
" $1,611.00 ",4/5/2020,east
" $1,635.00 ",4/5/2020,west
" $1,752.00 ",4/6/2020,north
" $1,749.00 ",4/6/2020,south
" $1,782.00 ",4/6/2020,east
" $1,521.00 ",4/6/2020,west
" $1,752.00 ",4/7/2020,north
" $1,686.00 ",4/7/2020,south
" $1,500.00 ",4/7/2020,east
" $1,785.00 ",4/7/2020,west
" $1,611.00 ",4/8/2020,north
" $1,794.00 ",4/8/2020,south
" $1,734.00 ",4/8/2020,east
" $1,659.00 ",4/8/2020,west
" $1,650.00 ",4/9/2020,north
" $1,587.00 ",4/9/2020,south
" $1,629.00 ",4/9/2020,east
" $1,506.00 ",4/9/2020,west
" $1,794.00 ",4/10/2020,north
" $1,551.00 ",4/10/2020,south
" $1,503.00 ",4/10/2020,east
" $1,776.00 ",4/10/2020,west
" $1,659.00 ",4/11/2020,north
" $1,590.00 ",4/11/2020,south
" $1,515.00 ",4/11/2020,east
" $1,506.00 ",4/11/2020,west
" $1,722.00 ",4/12/2020,north
" $1,512.00 ",4/12/2020,south
" $1,773.00 ",4/12/2020,east
" $1,635.00 ",4/12/2020,west
" $1,548.00 ",4/13/2020,north
" $1,692.00 ",4/13/2020,south
" $1,698.00 ",4/13/2020,east
" $1,755.00 ",4/13/2020,west
" $1,521.00 ",4/14/2020,north
" $1,593.00 ",4/14/2020,south
" $1,644.00 ",4/14/2020,east
" $1,587.00 ",4/14/2020,west
" $1,800.00 ",4/15/2020,north
" $1,788.00 ",4/15/2020,south
" $1,764.00 ",4/15/2020,east
" $1,650.00 ",4/15/2020,west
" $1,704.00 ",4/16/2020,north
" $1,659.00 ",4/16/2020,south
" $1,644.00 ",4/16/2020,east
" $1,500.00 ",4/16/2020,west
" $1,734.00 ",4/17/2020,north
" $1,617.00 ",4/17/2020,south
" $1,584.00 ",4/17/2020,east
" $1,569.00 ",4/17/2020,west
" $1,623.00 ",4/18/2020,north
" $1,500.00 ",4/18/2020,south
" $1,578.00 ",4/18/2020,east
" $1,590.00 ",4/18/2020,west
" $1,761.00 ",4/19/2020,north
" $1,728.00 ",4/19/2020,south
" $1,716.00 ",4/19/2020,east
" $1,704.00 ",4/19/2020,west
" $1,665.00 ",4/20/2020,north
" $1,515.00 ",4/20/2020,south
" $1,725.00 ",4/20/2020,east
" $1,695.00 ",4/20/2020,west
" $1,755.00 ",4/21/2020,north
" $1,521.00 ",4/21/2020,south
" $1,629.00 ",4/21/2020,east
" $1,686.00 ",4/21/2020,west
" $1,614.00 ",4/22/2020,north
" $1,614.00 ",4/22/2020,south
" $1,569.00 ",4/22/2020,east
" $1,527.00 ",4/22/2020,west
" $1,764.00 ",4/23/2020,north
" $1,524.00 ",4/23/2020,south
" $1,611.00 ",4/23/2020,east
" $1,785.00 ",4/23/2020,west
" $1,716.00 ",4/24/2020,north
" $1,692.00 ",4/24/2020,south
" $1,506.00 ",4/24/2020,east
" $1,533.00 ",4/24/2020,west
" $1,638.00 ",4/25/2020,north
" $1,638.00 ",4/25/2020,south
" $1,755.00 ",4/25/2020,east
" $1,545.00 ",4/25/2020,west
" $1,512.00 ",4/26/2020,north
" $1,593.00 ",4/26/2020,south
" $1,674.00 ",4/26/2020,east
" $1,719.00 ",4/26/2020,west
" $1,530.00 ",4/27/2020,north
" $1,593.00 ",4/27/2020,south
" $1,641.00 ",4/27/2020,east
" $1,575.00 ",4/27/2020,west
" $1,788.00 ",4/28/2020,north
" $1,749.00 ",4/28/2020,south
" $1,581.00 ",4/28/2020,east
" $1,524.00 ",4/28/2020,west
" $1,680.00 ",4/29/2020,north
" $1,674.00 ",4/29/2020,south
" $1,773.00 ",4/29/2020,east
" $1,674.00 ",4/29/2020,west
" $1,779.00 ",4/30/2020,north
" $1,569.00 ",4/30/2020,south
" $1,590.00 ",4/30/2020,east
" $1,689.00 ",4/30/2020,west
" $1,755.00 ",5/1/2020,north
" $1,752.00 ",5/1/2020,south
" $1,641.00 ",5/1/2020,east
" $1,605.00 ",5/1/2020,west
" $1,587.00 ",5/2/2020,north
" $1,521.00 ",5/2/2020,south
" $1,605.00 ",5/2/2020,east
" $1,557.00 ",5/2/2020,west
" $1,680.00 ",5/3/2020,north
" $1,566.00 ",5/3/2020,south
" $1,719.00 ",5/3/2020,east
" $1,563.00 ",5/3/2020,west
" $1,569.00 ",5/4/2020,north
" $1,608.00 ",5/4/2020,south
" $1,578.00 ",5/4/2020,east
" $1,641.00 ",5/4/2020,west
" $1,587.00 ",5/5/2020,north
" $1,674.00 ",5/5/2020,south
" $1,500.00 ",5/5/2020,east
" $1,686.00 ",5/5/2020,west
" $1,521.00 ",5/6/2020,north
" $1,683.00 ",5/6/2020,south
" $1,767.00 ",5/6/2020,east
" $1,776.00 ",5/6/2020,west
" $1,557.00 ",5/7/2020,north
" $1,623.00 ",5/7/2020,south
" $1,557.00 ",5/7/2020,east
" $1,746.00 ",5/7/2020,west
" $1,680.00 ",5/8/2020,north
" $1,587.00 ",5/8/2020,south
" $1,695.00 ",5/8/2020,east
" $1,629.00 ",5/8/2020,west
" $1,674.00 ",5/9/2020,north
" $1,620.00 ",5/9/2020,south
" $1,560.00 ",5/9/2020,east
" $1,590.00 ",5/9/2020,west
" $1,623.00 ",5/10/2020,north
" $1,689.00 ",5/10/2020,south
" $1,656.00 ",5/10/2020,east
" $1,695.00 ",5/10/2020,west
" $1,674.00 ",5/11/2020,north
" $1,554.00 ",5/11/2020,south
" $1,680.00 ",5/11/2020,east
" $1,575.00 ",5/11/2020,west
" $1,500.00 ",5/12/2020,north
" $1,791.00 ",5/12/2020,south
" $1,614.00 ",5/12/2020,east
" $1,695.00 ",5/12/2020,west
" $1,767.00 ",5/13/2020,north
" $1,725.00 ",5/13/2020,south
" $1,701.00 ",5/13/2020,east
" $1,629.00 ",5/13/2020,west
" $1,656.00 ",5/14/2020,north
" $1,713.00 ",5/14/2020,south
" $1,737.00 ",5/14/2020,east
" $1,671.00 ",5/14/2020,west
" $1,533.00 ",5/15/2020,north
" $1,644.00 ",5/15/2020,south
" $1,560.00 ",5/15/2020,east
" $1,740.00 ",5/15/2020,west
" $1,767.00 ",5/16/2020,north
" $1,791.00 ",5/16/2020,south
" $1,509.00 ",5/16/2020,east
" $1,614.00 ",5/16/2020,west
" $1,566.00 ",5/17/2020,north
" $1,758.00 ",5/17/2020,south
" $1,668.00 ",5/17/2020,east
" $1,707.00 ",5/17/2020,west
" $1,638.00 ",5/18/2020,north
" $1,596.00 ",5/18/2020,south
" $1,767.00 ",5/18/2020,east
" $1,683.00 ",5/18/2020,west
" $1,641.00 ",5/19/2020,north
" $1,713.00 ",5/19/2020,south
" $1,515.00 ",5/19/2020,east
" $1,602.00 ",5/19/2020,west
" $1,575.00 ",5/20/2020,north
" $1,791.00 ",5/20/2020,south
" $1,545.00 ",5/20/2020,east
" $1,686.00 ",5/20/2020,west
" $1,587.00 ",5/21/2020,north
" $1,791.00 ",5/21/2020,south
" $1,653.00 ",5/21/2020,east
" $1,671.00 ",5/21/2020,west
" $1,542.00 ",5/22/2020,north
" $1,686.00 ",5/22/2020,south
" $1,569.00 ",5/22/2020,east
" $1,518.00 ",5/22/2020,west
" $1,620.00 ",5/23/2020,north
" $1,536.00 ",5/23/2020,south
" $1,713.00 ",5/23/2020,east
" $1,788.00 ",5/23/2020,west
" $1,773.00 ",5/24/2020,north
" $1,785.00 ",5/24/2020,south
" $1,509.00 ",5/24/2020,east
" $1,713.00 ",5/24/2020,west
" $1,536.00 ",5/25/2020,north
" $1,704.00 ",5/25/2020,south
" $1,563.00 ",5/25/2020,east
" $1,539.00 ",5/25/2020,west
" $1,545.00 ",5/26/2020,north
" $1,530.00 ",5/26/2020,south
" $1,758.00 ",5/26/2020,east
" $1,656.00 ",5/26/2020,west
" $1,563.00 ",5/27/2020,north
" $1,758.00 ",5/27/2020,south
" $1,656.00 ",5/27/2020,east
" $1,707.00 ",5/27/2020,west
" $1,581.00 ",5/28/2020,north
" $1,569.00 ",5/28/2020,south
" $1,533.00 ",5/28/2020,east
" $1,566.00 ",5/28/2020,west
" $1,722.00 ",5/29/2020,north
" $1,602.00 ",5/29/2020,south
" $1,698.00 ",5/29/2020,east
" $1,566.00 ",5/29/2020,west
" $1,599.00 ",5/30/2020,north
" $1,788.00 ",5/30/2020,south
" $1,743.00 ",5/30/2020,east
" $1,647.00 ",5/30/2020,west
" $1,566.00 ",5/31/2020,north
" $1,608.00 ",5/31/2020,south
" $1,791.00 ",5/31/2020,east
" $1,764.00 ",5/31/2020,west
" $1,752.00 ",6/1/2020,north
" $1,608.00 ",6/1/2020,south
" $1,554.00 ",6/1/2020,east
" $1,710.00 ",6/1/2020,west
" $1,677.00 ",6/2/2020,north
" $1,794.00 ",6/2/2020,south
" $1,800.00 ",6/2/2020,east
" $1,767.00 ",6/2/2020,west
" $1,782.00 ",6/3/2020,north
" $1,584.00 ",6/3/2020,south
" $1,545.00 ",6/3/2020,east
" $1,617.00 ",6/3/2020,west
" $1,644.00 ",6/4/2020,north
" $1,527.00 ",6/4/2020,south
" $1,707.00 ",6/4/2020,east
" $1,773.00 ",6/4/2020,west
" $1,587.00 ",6/5/2020,north
" $1,632.00 ",6/5/2020,south
" $1,569.00 ",6/5/2020,east
" $1,566.00 ",6/5/2020,west
" $1,683.00 ",6/6/2020,north
" $1,689.00 ",6/6/2020,south
" $1,704.00 ",6/6/2020,east
" $1,749.00 ",6/6/2020,west
" $1,620.00 ",6/7/2020,north
" $1,650.00 ",6/7/2020,south
" $1,743.00 ",6/7/2020,east
" $1,674.00 ",6/7/2020,west
" $1,527.00 ",6/8/2020,north
" $1,638.00 ",6/8/2020,south
" $1,584.00 ",6/8/2020,east
" $1,695.00 ",6/8/2020,west
" $1,503.00 ",6/9/2020,north
" $1,569.00 ",6/9/2020,south
" $1,572.00 ",6/9/2020,east
" $1,593.00 ",6/9/2020,west
" $1,761.00 ",6/10/2020,north
" $1,512.00 ",6/10/2020,south
" $1,617.00 ",6/10/2020,east
" $1,593.00 ",6/10/2020,west
" $1,590.00 ",6/11/2020,north
" $1,611.00 ",6/11/2020,south
" $1,719.00 ",6/11/2020,east
" $1,719.00 ",6/11/2020,west
" $1,512.00 ",6/12/2020,north
" $1,776.00 ",6/12/2020,south
" $1,575.00 ",6/12/2020,east
" $1,746.00 ",6/12/2020,west
" $1,581.00 ",6/13/2020,north
" $1,689.00 ",6/13/2020,south
" $1,776.00 ",6/13/2020,east
" $1,560.00 ",6/13/2020,west
" $1,734.00 ",6/14/2020,north
" $1,788.00 ",6/14/2020,south
" $1,743.00 ",6/14/2020,east
" $1,719.00 ",6/14/2020,west
" $1,542.00 ",6/15/2020,north
" $1,758.00 ",6/15/2020,south
" $1,674.00 ",6/15/2020,east
" $1,584.00 ",6/15/2020,west
" $1,668.00 ",6/16/2020,north
" $1,620.00 ",6/16/2020,south
" $1,695.00 ",6/16/2020,east
" $1,638.00 ",6/16/2020,west
" $1,554.00 ",6/17/2020,north
" $1,659.00 ",6/17/2020,south
" $1,734.00 ",6/17/2020,east
" $1,527.00 ",6/17/2020,west
" $1,611.00 ",6/18/2020,north
" $1,734.00 ",6/18/2020,south
" $1,743.00 ",6/18/2020,east
" $1,557.00 ",6/18/2020,west
" $1,800.00 ",6/19/2020,north
" $1,536.00 ",6/19/2020,south
" $1,578.00 ",6/19/2020,east
" $1,515.00 ",6/19/2020,west
" $1,647.00 ",6/20/2020,north
" $1,641.00 ",6/20/2020,south
" $1,614.00 ",6/20/2020,east
" $1,518.00 ",6/20/2020,west
" $1,755.00 ",6/21/2020,north
" $1,620.00 ",6/21/2020,south
" $1,725.00 ",6/21/2020,east
" $1,668.00 ",6/21/2020,west
" $1,761.00 ",6/22/2020,north
" $1,542.00 ",6/22/2020,south
" $1,539.00 ",6/22/2020,east
" $1,524.00 ",6/22/2020,west
" $1,767.00 ",6/23/2020,north
" $1,581.00 ",6/23/2020,south
" $1,770.00 ",6/23/2020,east
" $1,758.00 ",6/23/2020,west
" $1,617.00 ",6/24/2020,north
" $1,518.00 ",6/24/2020,south
" $1,791.00 ",6/24/2020,east
" $1,695.00 ",6/24/2020,west
" $1,503.00 ",6/25/2020,north
" $1,794.00 ",6/25/2020,south
" $1,638.00 ",6/25/2020,east
" $1,536.00 ",6/25/2020,west
" $1,707.00 ",6/26/2020,north
" $1,578.00 ",6/26/2020,south
" $1,719.00 ",6/26/2020,east
" $1,728.00 ",6/26/2020,west
" $1,644.00 ",6/27/2020,north
" $1,527.00 ",6/27/2020,south
" $1,578.00 ",6/27/2020,east
" $1,623.00 ",6/27/2020,west
" $1,608.00 ",6/28/2020,north
" $1,779.00 ",6/28/2020,south
" $1,689.00 ",6/28/2020,east
" $1,629.00 ",6/28/2020,west
" $1,722.00 ",6/29/2020,north
" $1,662.00 ",6/29/2020,south
" $1,662.00 ",6/29/2020,east
" $1,503.00 ",6/29/2020,west
" $1,794.00 ",6/30/2020,north
" $1,572.00 ",6/30/2020,south
" $1,668.00 ",6/30/2020,east
" $1,647.00 ",6/30/2020,west
" $1,632.00 ",7/1/2020,north
" $1,578.00 ",7/1/2020,south
" $1,650.00 ",7/1/2020,east
" $1,797.00 ",7/1/2020,west
" $1,734.00 ",7/2/2020,north
" $1,734.00 ",7/2/2020,south
" $1,581.00 ",7/2/2020,east
" $1,665.00 ",7/2/2020,west
" $1,695.00 ",7/3/2020,north
" $1,701.00 ",7/3/2020,south
" $1,584.00 ",7/3/2020,east
" $1,518.00 ",7/3/2020,west
" $1,737.00 ",7/4/2020,north
" $1,656.00 ",7/4/2020,south
" $1,695.00 ",7/4/2020,east
" $1,563.00 ",7/4/2020,west
" $1,788.00 ",7/5/2020,north
" $1,746.00 ",7/5/2020,south
" $1,647.00 ",7/5/2020,east
" $1,527.00 ",7/5/2020,west
" $1,548.00 ",7/6/2020,north
" $1,572.00 ",7/6/2020,south
" $1,569.00 ",7/6/2020,east
" $1,527.00 ",7/6/2020,west
" $1,500.00 ",7/7/2020,north
" $1,791.00 ",7/7/2020,south
" $1,656.00 ",7/7/2020,east
" $1,743.00 ",7/7/2020,west
" $1,563.00 ",7/8/2020,north
" $1,722.00 ",7/8/2020,south
" $1,758.00 ",7/8/2020,east
" $1,524.00 ",7/8/2020,west
" $1,788.00 ",7/9/2020,north
" $1,713.00 ",7/9/2020,south
" $1,596.00 ",7/9/2020,east
" $1,716.00 ",7/9/2020,west
" $1,587.00 ",7/10/2020,north
" $1,509.00 ",7/10/2020,south
" $1,698.00 ",7/10/2020,east
" $1,515.00 ",7/10/2020,west
" $1,500.00 ",7/11/2020,north
" $1,689.00 ",7/11/2020,south
" $1,554.00 ",7/11/2020,east
" $1,509.00 ",7/11/2020,west
" $1,746.00 ",7/12/2020,north
" $1,572.00 ",7/12/2020,south
" $1,773.00 ",7/12/2020,east
" $1,596.00 ",7/12/2020,west
" $1,680.00 ",7/13/2020,north
" $1,764.00 ",7/13/2020,south
" $1,782.00 ",7/13/2020,east
" $1,728.00 ",7/13/2020,west
" $1,557.00 ",7/14/2020,north
" $1,515.00 ",7/14/2020,south
" $1,695.00 ",7/14/2020,east
" $1,500.00 ",7/14/2020,west
" $1,542.00 ",7/15/2020,north
" $1,740.00 ",7/15/2020,south
" $1,647.00 ",7/15/2020,east
" $1,596.00 ",7/15/2020,west
" $1,515.00 ",7/16/2020,north
" $1,731.00 ",7/16/2020,south
" $1,605.00 ",7/16/2020,east
" $1,791.00 ",7/16/2020,west
" $1,794.00 ",7/17/2020,north
" $1,677.00 ",7/17/2020,south
" $1,641.00 ",7/17/2020,east
" $1,773.00 ",7/17/2020,west
" $1,623.00 ",7/18/2020,north
" $1,707.00 ",7/18/2020,south
" $1,749.00 ",7/18/2020,east
" $1,797.00 ",7/18/2020,west
" $1,614.00 ",7/19/2020,north
" $1,653.00 ",7/19/2020,south
" $1,674.00 ",7/19/2020,east
" $1,779.00 ",7/19/2020,west
" $1,797.00 ",7/20/2020,north
" $1,560.00 ",7/20/2020,south
" $1,638.00 ",7/20/2020,east
" $1,716.00 ",7/20/2020,west
" $1,572.00 ",7/21/2020,north
" $1,767.00 ",7/21/2020,south
" $1,689.00 ",7/21/2020,east
" $1,734.00 ",7/21/2020,west
" $1,668.00 ",7/22/2020,north
" $1,728.00 ",7/22/2020,south
" $1,668.00 ",7/22/2020,east
" $1,584.00 ",7/22/2020,west
" $1,692.00 ",7/23/2020,north
" $1,710.00 ",7/23/2020,south
" $1,758.00 ",7/23/2020,east
" $1,545.00 ",7/23/2020,west
" $1,530.00 ",7/24/2020,north
" $1,530.00 ",7/24/2020,south
" $1,575.00 ",7/24/2020,east
" $1,776.00 ",7/24/2020,west
" $1,794.00 ",7/25/2020,north
" $1,647.00 ",7/25/2020,south
" $1,611.00 ",7/25/2020,east
" $1,704.00 ",7/25/2020,west
" $1,569.00 ",7/26/2020,north
" $1,659.00 ",7/26/2020,south
" $1,575.00 ",7/26/2020,east
" $1,788.00 ",7/26/2020,west
" $1,602.00 ",7/27/2020,north
" $1,620.00 ",7/27/2020,south
" $1,530.00 ",7/27/2020,east
" $1,608.00 ",7/27/2020,west
" $1,800.00 ",7/28/2020,north
" $1,506.00 ",7/28/2020,south
" $1,608.00 ",7/28/2020,east
" $1,581.00 ",7/28/2020,west
" $1,533.00 ",7/29/2020,north
" $1,686.00 ",7/29/2020,south
" $1,773.00 ",7/29/2020,east
" $1,644.00 ",7/29/2020,west
" $1,722.00 ",7/30/2020,north
" $1,584.00 ",7/30/2020,south
" $1,596.00 ",7/30/2020,east
" $1,512.00 ",7/30/2020,west
" $1,527.00 ",7/31/2020,north
" $1,530.00 ",7/31/2020,south
" $1,533.00 ",7/31/2020,east
" $1,530.00 ",7/31/2020,west
" $1,788.00 ",8/1/2020,north
" $1,596.00 ",8/1/2020,south
" $1,680.00 ",8/1/2020,east
" $1,671.00 ",8/1/2020,west
" $1,656.00 ",8/2/2020,north
" $1,716.00 ",8/2/2020,south
" $1,623.00 ",8/2/2020,east
" $1,596.00 ",8/2/2020,west
" $1,665.00 ",8/3/2020,north
" $1,650.00 ",8/3/2020,south
" $1,503.00 ",8/3/2020,east
" $1,665.00 ",8/3/2020,west
" $1,539.00 ",8/4/2020,north
" $1,659.00 ",8/4/2020,south
" $1,602.00 ",8/4/2020,east
" $1,719.00 ",8/4/2020,west
" $1,749.00 ",8/5/2020,north
" $1,548.00 ",8/5/2020,south
" $1,653.00 ",8/5/2020,east
" $1,662.00 ",8/5/2020,west
" $1,770.00 ",8/6/2020,north
" $1,710.00 ",8/6/2020,south
" $1,509.00 ",8/6/2020,east
" $1,545.00 ",8/6/2020,west
" $1,740.00 ",8/7/2020,north
" $1,524.00 ",8/7/2020,south
" $1,641.00 ",8/7/2020,east
" $1,710.00 ",8/7/2020,west
" $1,728.00 ",8/8/2020,north
" $1,695.00 ",8/8/2020,south
" $1,716.00 ",8/8/2020,east
" $1,785.00 ",8/8/2020,west
" $1,617.00 ",8/9/2020,north
" $1,752.00 ",8/9/2020,south
" $1,734.00 ",8/9/2020,east
" $1,521.00 ",8/9/2020,west
" $1,545.00 ",8/10/2020,north
" $1,722.00 ",8/10/2020,south
" $1,647.00 ",8/10/2020,east
" $1,530.00 ",8/10/2020,west
" $1,632.00 ",8/11/2020,north
" $1,620.00 ",8/11/2020,south
" $1,551.00 ",8/11/2020,east
" $1,557.00 ",8/11/2020,west
" $1,737.00 ",8/12/2020,north
" $1,749.00 ",8/12/2020,south
" $1,704.00 ",8/12/2020,east
" $1,671.00 ",8/12/2020,west
" $1,500.00 ",8/13/2020,north
" $1,500.00 ",8/13/2020,south
" $1,701.00 ",8/13/2020,east
" $1,785.00 ",8/13/2020,west
" $1,542.00 ",8/14/2020,north
" $1,791.00 ",8/14/2020,south
" $1,716.00 ",8/14/2020,east
" $1,665.00 ",8/14/2020,west
" $1,740.00 ",8/15/2020,north
" $1,632.00 ",8/15/2020,south
" $1,560.00 ",8/15/2020,east
" $1,689.00 ",8/15/2020,west
" $1,749.00 ",8/16/2020,north
" $1,605.00 ",8/16/2020,south
" $1,629.00 ",8/16/2020,east
" $1,728.00 ",8/16/2020,west
" $1,554.00 ",8/17/2020,north
" $1,629.00 ",8/17/2020,south
" $1,698.00 ",8/17/2020,east
" $1,635.00 ",8/17/2020,west
" $1,761.00 ",8/18/2020,north
" $1,566.00 ",8/18/2020,south
" $1,692.00 ",8/18/2020,east
" $1,563.00 ",8/18/2020,west
" $1,662.00 ",8/19/2020,north
" $1,635.00 ",8/19/2020,south
" $1,674.00 ",8/19/2020,east
" $1,602.00 ",8/19/2020,west
" $1,686.00 ",8/20/2020,north
" $1,506.00 ",8/20/2020,south
" $1,515.00 ",8/20/2020,east
" $1,779.00 ",8/20/2020,west
" $1,557.00 ",8/21/2020,north
" $1,551.00 ",8/21/2020,south
" $1,521.00 ",8/21/2020,east
" $1,710.00 ",8/21/2020,west
" $1,563.00 ",8/22/2020,north
" $1,683.00 ",8/22/2020,south
" $1,791.00 ",8/22/2020,east
" $1,773.00 ",8/22/2020,west
" $1,716.00 ",8/23/2020,north
" $1,731.00 ",8/23/2020,south
" $1,593.00 ",8/23/2020,east
" $1,788.00 ",8/23/2020,west
" $1,785.00 ",8/24/2020,north
" $1,647.00 ",8/24/2020,south
" $1,755.00 ",8/24/2020,east
" $1,665.00 ",8/24/2020,west
" $1,545.00 ",8/25/2020,north
" $1,755.00 ",8/25/2020,south
" $1,605.00 ",8/25/2020,east
" $1,548.00 ",8/25/2020,west
" $1,533.00 ",8/26/2020,north
" $1,752.00 ",8/26/2020,south
" $1,758.00 ",8/26/2020,east
" $1,767.00 ",8/26/2020,west
" $1,761.00 ",8/27/2020,north
" $1,671.00 ",8/27/2020,south
" $1,551.00 ",8/27/2020,east
" $1,686.00 ",8/27/2020,west
" $1,788.00 ",8/28/2020,north
" $1,551.00 ",8/28/2020,south
" $1,554.00 ",8/28/2020,east
" $1,623.00 ",8/28/2020,west
" $1,698.00 ",8/29/2020,north
" $1,659.00 ",8/29/2020,south
" $1,593.00 ",8/29/2020,east
" $1,674.00 ",8/29/2020,west
" $1,800.00 ",8/30/2020,north
" $1,554.00 ",8/30/2020,south
" $1,713.00 ",8/30/2020,east
" $1,611.00 ",8/30/2020,west
" $1,797.00 ",8/31/2020,north
" $1,581.00 ",8/31/2020,south
" $1,623.00 ",8/31/2020,east
" $1,515.00 ",8/31/2020,west
" $1,797.00 ",9/1/2020,north
" $1,704.00 ",9/1/2020,south
" $1,539.00 ",9/1/2020,east
" $1,617.00 ",9/1/2020,west
" $1,737.00 ",9/2/2020,north
" $1,635.00 ",9/2/2020,south
" $1,671.00 ",9/2/2020,east
" $1,632.00 ",9/2/2020,west
" $1,575.00 ",9/3/2020,north
" $1,713.00 ",9/3/2020,south
" $1,581.00 ",9/3/2020,east
" $1,719.00 ",9/3/2020,west
" $1,533.00 ",9/4/2020,north
" $1,539.00 ",9/4/2020,south
" $1,569.00 ",9/4/2020,east
" $1,743.00 ",9/4/2020,west
" $1,620.00 ",9/5/2020,north
" $1,743.00 ",9/5/2020,south
" $1,563.00 ",9/5/2020,east
" $1,764.00 ",9/5/2020,west
" $1,638.00 ",9/6/2020,north
" $1,734.00 ",9/6/2020,south
" $1,794.00 ",9/6/2020,east
" $1,782.00 ",9/6/2020,west
" $1,509.00 ",9/7/2020,north
" $1,749.00 ",9/7/2020,south
" $1,608.00 ",9/7/2020,east
" $1,794.00 ",9/7/2020,west
" $1,710.00 ",9/8/2020,north
" $1,536.00 ",9/8/2020,south
" $1,539.00 ",9/8/2020,east
" $1,512.00 ",9/8/2020,west
" $1,578.00 ",9/9/2020,north
" $1,575.00 ",9/9/2020,south
" $1,551.00 ",9/9/2020,east
" $1,650.00 ",9/9/2020,west
" $1,662.00 ",9/10/2020,north
" $1,767.00 ",9/10/2020,south
" $1,596.00 ",9/10/2020,east
" $1,710.00 ",9/10/2020,west
" $1,764.00 ",9/11/2020,north
" $1,722.00 ",9/11/2020,south
" $1,611.00 ",9/11/2020,east
" $1,656.00 ",9/11/2020,west
" $1,602.00 ",9/12/2020,north
" $1,686.00 ",9/12/2020,south
" $1,599.00 ",9/12/2020,east
" $1,800.00 ",9/12/2020,west
" $1,503.00 ",9/13/2020,north
" $1,554.00 ",9/13/2020,south
" $1,554.00 ",9/13/2020,east
" $1,575.00 ",9/13/2020,west
" $1,647.00 ",9/14/2020,north
" $1,776.00 ",9/14/2020,south
" $1,788.00 ",9/14/2020,east
" $1,791.00 ",9/14/2020,west
" $1,542.00 ",9/15/2020,north
" $1,782.00 ",9/15/2020,south
" $1,620.00 ",9/15/2020,east
" $1,641.00 ",9/15/2020,west
" $1,590.00 ",9/16/2020,north
" $1,734.00 ",9/16/2020,south
" $1,710.00 ",9/16/2020,east
" $1,641.00 ",9/16/2020,west
" $1,611.00 ",9/17/2020,north
" $1,581.00 ",9/17/2020,south
" $1,596.00 ",9/17/2020,east
" $1,539.00 ",9/17/2020,west
" $1,764.00 ",9/18/2020,north
" $1,584.00 ",9/18/2020,south
" $1,701.00 ",9/18/2020,east
" $1,518.00 ",9/18/2020,west
" $1,692.00 ",9/19/2020,north
" $1,743.00 ",9/19/2020,south
" $1,737.00 ",9/19/2020,east
" $1,590.00 ",9/19/2020,west
" $1,623.00 ",9/20/2020,north
" $1,521.00 ",9/20/2020,south
" $1,590.00 ",9/20/2020,east
" $1,677.00 ",9/20/2020,west
" $1,776.00 ",9/21/2020,north
" $1,629.00 ",9/21/2020,south
" $1,776.00 ",9/21/2020,east
" $1,728.00 ",9/21/2020,west
" $1,776.00 ",9/22/2020,north
" $1,629.00 ",9/22/2020,south
" $1,539.00 ",9/22/2020,east
" $1,563.00 ",9/22/2020,west
" $1,506.00 ",9/23/2020,north
" $1,698.00 ",9/23/2020,south
" $1,734.00 ",9/23/2020,east
" $1,557.00 ",9/23/2020,west
" $1,527.00 ",9/24/2020,north
" $1,761.00 ",9/24/2020,south
" $1,560.00 ",9/24/2020,east
" $1,650.00 ",9/24/2020,west
" $1,533.00 ",9/25/2020,north
" $1,602.00 ",9/25/2020,south
" $1,743.00 ",9/25/2020,east
" $1,617.00 ",9/25/2020,west
" $1,536.00 ",9/26/2020,north
" $1,773.00 ",9/26/2020,south
" $1,521.00 ",9/26/2020,east
" $1,542.00 ",9/26/2020,west
" $1,737.00 ",9/27/2020,north
" $1,509.00 ",9/27/2020,south
" $1,626.00 ",9/27/2020,east
" $1,584.00 ",9/27/2020,west
" $1,671.00 ",9/28/2020,north
" $1,680.00 ",9/28/2020,south
" $1,599.00 ",9/28/2020,east
" $1,776.00 ",9/28/2020,west
" $1,674.00 ",9/29/2020,north
" $1,728.00 ",9/29/2020,south
" $1,551.00 ",9/29/2020,east
" $1,641.00 ",9/29/2020,west
" $1,614.00 ",9/30/2020,north
" $1,773.00 ",9/30/2020,south
" $1,509.00 ",9/30/2020,east
" $1,740.00 ",9/30/2020,west
" $1,614.00 ",10/1/2020,north
" $1,599.00 ",10/1/2020,south
" $1,785.00 ",10/1/2020,east
" $1,506.00 ",10/1/2020,west
" $1,689.00 ",10/2/2020,north
" $1,659.00 ",10/2/2020,south
" $1,785.00 ",10/2/2020,east
" $1,701.00 ",10/2/2020,west
" $1,515.00 ",10/3/2020,north
" $1,545.00 ",10/3/2020,south
" $1,599.00 ",10/3/2020,east
" $1,512.00 ",10/3/2020,west
" $1,524.00 ",10/4/2020,north
" $1,779.00 ",10/4/2020,south
" $1,500.00 ",10/4/2020,east
" $1,755.00 ",10/4/2020,west
" $1,773.00 ",10/5/2020,north
" $1,743.00 ",10/5/2020,south
" $1,662.00 ",10/5/2020,east
" $1,596.00 ",10/5/2020,west
" $1,788.00 ",10/6/2020,north
" $1,503.00 ",10/6/2020,south
" $1,779.00 ",10/6/2020,east
" $1,563.00 ",10/6/2020,west
" $1,554.00 ",10/7/2020,north
" $1,734.00 ",10/7/2020,south
" $1,629.00 ",10/7/2020,east
" $1,608.00 ",10/7/2020,west
" $1,794.00 ",10/8/2020,north
" $1,674.00 ",10/8/2020,south
" $1,662.00 ",10/8/2020,east
" $1,788.00 ",10/8/2020,west
" $1,536.00 ",10/9/2020,north
" $1,521.00 ",10/9/2020,south
" $1,656.00 ",10/9/2020,east
" $1,551.00 ",10/9/2020,west
" $1,593.00 ",10/10/2020,north
" $1,590.00 ",10/10/2020,south
" $1,671.00 ",10/10/2020,east
" $1,707.00 ",10/10/2020,west
" $1,569.00 ",10/11/2020,north
" $1,773.00 ",10/11/2020,south
" $1,674.00 ",10/11/2020,east
" $1,536.00 ",10/11/2020,west
" $1,677.00 ",10/12/2020,north
" $1,605.00 ",10/12/2020,south
" $1,653.00 ",10/12/2020,east
" $1,749.00 ",10/12/2020,west
" $1,578.00 ",10/13/2020,north
" $1,638.00 ",10/13/2020,south
" $1,515.00 ",10/13/2020,east
" $1,683.00 ",10/13/2020,west
" $1,680.00 ",10/14/2020,north
" $1,755.00 ",10/14/2020,south
" $1,584.00 ",10/14/2020,east
" $1,590.00 ",10/14/2020,west
" $1,518.00 ",10/15/2020,north
" $1,701.00 ",10/15/2020,south
" $1,716.00 ",10/15/2020,east
" $1,563.00 ",10/15/2020,west
" $1,638.00 ",10/16/2020,north
" $1,689.00 ",10/16/2020,south
" $1,515.00 ",10/16/2020,east
" $1,632.00 ",10/16/2020,west
" $1,509.00 ",10/17/2020,north
" $1,791.00 ",10/17/2020,south
" $1,509.00 ",10/17/2020,east
" $1,776.00 ",10/17/2020,west
" $1,524.00 ",10/18/2020,north
" $1,716.00 ",10/18/2020,south
" $1,578.00 ",10/18/2020,east
" $1,713.00 ",10/18/2020,west
" $1,656.00 ",10/19/2020,north
" $1,725.00 ",10/19/2020,south
" $1,554.00 ",10/19/2020,east
" $1,524.00 ",10/19/2020,west
" $1,569.00 ",10/20/2020,north
" $1,758.00 ",10/20/2020,south
" $1,758.00 ",10/20/2020,east
" $1,614.00 ",10/20/2020,west
" $1,740.00 ",10/21/2020,north
" $1,521.00 ",10/21/2020,south
" $1,722.00 ",10/21/2020,east
" $1,605.00 ",10/21/2020,west
" $1,749.00 ",10/22/2020,north
" $1,638.00 ",10/22/2020,south
" $1,710.00 ",10/22/2020,east
" $1,668.00 ",10/22/2020,west
" $1,635.00 ",10/23/2020,north
" $1,533.00 ",10/23/2020,south
" $1,635.00 ",10/23/2020,east
" $1,575.00 ",10/23/2020,west
" $1,737.00 ",10/24/2020,north
" $1,593.00 ",10/24/2020,south
" $1,707.00 ",10/24/2020,east
" $1,536.00 ",10/24/2020,west
" $1,689.00 ",10/25/2020,north
" $1,680.00 ",10/25/2020,south
" $1,605.00 ",10/25/2020,east
" $1,617.00 ",10/25/2020,west
" $1,746.00 ",10/26/2020,north
" $1,518.00 ",10/26/2020,south
" $1,656.00 ",10/26/2020,east
" $1,542.00 ",10/26/2020,west
" $1,581.00 ",10/27/2020,north
" $1,716.00 ",10/27/2020,south
" $1,683.00 ",10/27/2020,east
" $1,518.00 ",10/27/2020,west
" $1,746.00 ",10/28/2020,north
" $1,587.00 ",10/28/2020,south
" $1,644.00 ",10/28/2020,east
" $1,731.00 ",10/28/2020,west
" $1,770.00 ",10/29/2020,north
" $1,692.00 ",10/29/2020,south
" $1,557.00 ",10/29/2020,east
" $1,524.00 ",10/29/2020,west
" $1,773.00 ",10/30/2020,north
" $1,689.00 ",10/30/2020,south
" $1,776.00 ",10/30/2020,east
" $1,686.00 ",10/30/2020,west
" $1,581.00 ",10/31/2020,north
" $1,758.00 ",10/31/2020,south
" $1,755.00 ",10/31/2020,east
" $1,668.00 ",10/31/2020,west
" $1,665.00 ",11/1/2020,north
" $1,551.00 ",11/1/2020,south
" $1,770.00 ",11/1/2020,east
" $1,593.00 ",11/1/2020,west
" $1,734.00 ",11/2/2020,north
" $1,500.00 ",11/2/2020,south
" $1,740.00 ",11/2/2020,east
" $1,686.00 ",11/2/2020,west
" $1,551.00 ",11/3/2020,north
" $1,752.00 ",11/3/2020,south
" $1,746.00 ",11/3/2020,east
" $1,581.00 ",11/3/2020,west
" $1,773.00 ",11/4/2020,north
" $1,788.00 ",11/4/2020,south
" $1,545.00 ",11/4/2020,east
" $1,506.00 ",11/4/2020,west
" $1,644.00 ",11/5/2020,north
" $1,605.00 ",11/5/2020,south
" $1,686.00 ",11/5/2020,east
" $1,539.00 ",11/5/2020,west
" $1,725.00 ",11/6/2020,north
" $1,599.00 ",11/6/2020,south
" $1,659.00 ",11/6/2020,east
" $1,575.00 ",11/6/2020,west
" $1,653.00 ",11/7/2020,north
" $1,641.00 ",11/7/2020,south
" $1,587.00 ",11/7/2020,east
" $1,758.00 ",11/7/2020,west
" $1,785.00 ",11/8/2020,north
" $1,695.00 ",11/8/2020,south
" $1,581.00 ",11/8/2020,east
" $1,734.00 ",11/8/2020,west
" $1,788.00 ",11/9/2020,north
" $1,593.00 ",11/9/2020,south
" $1,593.00 ",11/9/2020,east
" $1,512.00 ",11/9/2020,west
" $1,638.00 ",11/10/2020,north
" $1,734.00 ",11/10/2020,south
" $1,695.00 ",11/10/2020,east
" $1,638.00 ",11/10/2020,west
" $1,695.00 ",11/11/2020,north
" $1,533.00 ",11/11/2020,south
" $1,731.00 ",11/11/2020,east
" $1,689.00 ",11/11/2020,west
" $1,713.00 ",11/12/2020,north
" $1,596.00 ",11/12/2020,south
" $1,686.00 ",11/12/2020,east
" $1,515.00 ",11/12/2020,west
" $1,581.00 ",11/13/2020,north
" $1,521.00 ",11/13/2020,south
" $1,677.00 ",11/13/2020,east
" $1,635.00 ",11/13/2020,west
" $1,749.00 ",11/14/2020,north
" $1,542.00 ",11/14/2020,south
" $1,602.00 ",11/14/2020,east
" $1,557.00 ",11/14/2020,west
" $1,686.00 ",11/15/2020,north
" $1,638.00 ",11/15/2020,south
" $1,794.00 ",11/15/2020,east
" $1,659.00 ",11/15/2020,west
" $1,773.00 ",11/16/2020,north
" $1,671.00 ",11/16/2020,south
" $1,626.00 ",11/16/2020,east
" $1,725.00 ",11/16/2020,west
" $1,686.00 ",11/17/2020,north
" $1,521.00 ",11/17/2020,south
" $1,734.00 ",11/17/2020,east
" $1,530.00 ",11/17/2020,west
" $1,698.00 ",11/18/2020,north
" $1,770.00 ",11/18/2020,south
" $1,752.00 ",11/18/2020,east
" $1,662.00 ",11/18/2020,west
" $1,566.00 ",11/19/2020,north
" $1,590.00 ",11/19/2020,south
" $1,635.00 ",11/19/2020,east
" $1,698.00 ",11/19/2020,west
" $1,683.00 ",11/20/2020,north
" $1,653.00 ",11/20/2020,south
" $1,527.00 ",11/20/2020,east
" $1,524.00 ",11/20/2020,west
" $1,593.00 ",11/21/2020,north
" $1,656.00 ",11/21/2020,south
" $1,623.00 ",11/21/2020,east
" $1,638.00 ",11/21/2020,west
" $1,596.00 ",11/22/2020,north
" $1,575.00 ",11/22/2020,south
" $1,656.00 ",11/22/2020,east
" $1,725.00 ",11/22/2020,west
" $1,767.00 ",11/23/2020,north
" $1,650.00 ",11/23/2020,south
" $1,641.00 ",11/23/2020,east
" $1,632.00 ",11/23/2020,west
" $1,602.00 ",11/24/2020,north
" $1,632.00 ",11/24/2020,south
" $1,743.00 ",11/24/2020,east
" $1,617.00 ",11/24/2020,west
" $1,725.00 ",11/25/2020,north
" $1,761.00 ",11/25/2020,south
" $1,791.00 ",11/25/2020,east
" $1,620.00 ",11/25/2020,west
" $1,770.00 ",11/26/2020,north
" $1,791.00 ",11/26/2020,south
" $1,665.00 ",11/26/2020,east
" $1,743.00 ",11/26/2020,west
" $1,632.00 ",11/27/2020,north
" $1,587.00 ",11/27/2020,south
" $1,680.00 ",11/27/2020,east
" $1,656.00 ",11/27/2020,west
" $1,746.00 ",11/28/2020,north
" $1,599.00 ",11/28/2020,south
" $1,719.00 ",11/28/2020,east
" $1,794.00 ",11/28/2020,west
" $1,758.00 ",11/29/2020,north
" $1,557.00 ",11/29/2020,south
" $1,647.00 ",11/29/2020,east
" $1,740.00 ",11/29/2020,west
" $1,635.00 ",11/30/2020,north
" $1,584.00 ",11/30/2020,south
" $1,614.00 ",11/30/2020,east
" $1,749.00 ",11/30/2020,west
" $1,587.00 ",12/1/2020,north
" $1,719.00 ",12/1/2020,south
" $1,620.00 ",12/1/2020,east
" $1,656.00 ",12/1/2020,west
" $1,554.00 ",12/2/2020,north
" $1,755.00 ",12/2/2020,south
" $1,737.00 ",12/2/2020,east
" $1,548.00 ",12/2/2020,west
" $1,572.00 ",12/3/2020,north
" $1,560.00 ",12/3/2020,south
" $1,746.00 ",12/3/2020,east
" $1,788.00 ",12/3/2020,west
" $1,638.00 ",12/4/2020,north
" $1,626.00 ",12/4/2020,south
" $1,518.00 ",12/4/2020,east
" $1,773.00 ",12/4/2020,west
" $1,707.00 ",12/5/2020,north
" $1,614.00 ",12/5/2020,south
" $1,722.00 ",12/5/2020,east
" $1,524.00 ",12/5/2020,west
" $1,560.00 ",12/6/2020,north
" $1,617.00 ",12/6/2020,south
" $1,566.00 ",12/6/2020,east
" $1,515.00 ",12/6/2020,west
" $1,509.00 ",12/7/2020,north
" $1,545.00 ",12/7/2020,south
" $1,596.00 ",12/7/2020,east
" $1,671.00 ",12/7/2020,west
" $1,686.00 ",12/8/2020,north
" $1,785.00 ",12/8/2020,south
" $1,800.00 ",12/8/2020,east
" $1,590.00 ",12/8/2020,west
" $1,788.00 ",12/9/2020,north
" $1,788.00 ",12/9/2020,south
" $1,584.00 ",12/9/2020,east
" $1,665.00 ",12/9/2020,west
" $1,620.00 ",12/10/2020,north
" $1,725.00 ",12/10/2020,south
" $1,569.00 ",12/10/2020,east
" $1,533.00 ",12/10/2020,west
" $1,503.00 ",12/11/2020,north
" $1,713.00 ",12/11/2020,south
" $1,650.00 ",12/11/2020,east
" $1,776.00 ",12/11/2020,west
" $1,629.00 ",12/12/2020,north
" $1,662.00 ",12/12/2020,south
" $1,623.00 ",12/12/2020,east
" $1,590.00 ",12/12/2020,west
" $1,650.00 ",12/13/2020,north
" $1,647.00 ",12/13/2020,south
" $1,683.00 ",12/13/2020,east
" $1,530.00 ",12/13/2020,west
" $1,746.00 ",12/14/2020,north
" $1,551.00 ",12/14/2020,south
" $1,548.00 ",12/14/2020,east
" $1,767.00 ",12/14/2020,west
" $1,785.00 ",12/15/2020,north
" $1,734.00 ",12/15/2020,south
" $1,578.00 ",12/15/2020,east
" $1,596.00 ",12/15/2020,west
" $1,779.00 ",12/16/2020,north
" $1,770.00 ",12/16/2020,south
" $1,581.00 ",12/16/2020,east
" $1,614.00 ",12/16/2020,west
" $1,506.00 ",12/17/2020,north
" $1,533.00 ",12/17/2020,south
" $1,677.00 ",12/17/2020,east
" $1,737.00 ",12/17/2020,west
" $1,635.00 ",12/18/2020,north
" $1,800.00 ",12/18/2020,south
" $1,794.00 ",12/18/2020,east
" $1,653.00 ",12/18/2020,west
" $1,719.00 ",12/19/2020,north
" $1,674.00 ",12/19/2020,south
" $1,575.00 ",12/19/2020,east
" $1,650.00 ",12/19/2020,west
" $1,707.00 ",12/20/2020,north
" $1,692.00 ",12/20/2020,south
" $1,614.00 ",12/20/2020,east
" $1,563.00 ",12/20/2020,west
" $1,575.00 ",12/21/2020,north
" $1,506.00 ",12/21/2020,south
" $1,599.00 ",12/21/2020,east
" $1,686.00 ",12/21/2020,west
" $1,518.00 ",12/22/2020,north
" $1,677.00 ",12/22/2020,south
" $1,722.00 ",12/22/2020,east
" $1,566.00 ",12/22/2020,west
" $1,677.00 ",12/23/2020,north
" $1,542.00 ",12/23/2020,south
" $1,785.00 ",12/23/2020,east
" $1,671.00 ",12/23/2020,west
" $1,725.00 ",12/24/2020,north
" $1,506.00 ",12/24/2020,south
" $1,563.00 ",12/24/2020,east
" $1,668.00 ",12/24/2020,west
" $1,782.00 ",12/25/2020,north
" $1,557.00 ",12/25/2020,south
" $1,797.00 ",12/25/2020,east
" $1,563.00 ",12/25/2020,west
" $1,554.00 ",12/26/2020,north
" $1,650.00 ",12/26/2020,south
" $1,698.00 ",12/26/2020,east
" $1,737.00 ",12/26/2020,west
" $1,770.00 ",12/27/2020,north
" $1,734.00 ",12/27/2020,south
" $1,770.00 ",12/27/2020,east
" $1,524.00 ",12/27/2020,west
" $1,725.00 ",12/28/2020,north
" $1,536.00 ",12/28/2020,south
" $1,758.00 ",12/28/2020,east
" $1,683.00 ",12/28/2020,west
" $1,518.00 ",12/29/2020,north
" $1,677.00 ",12/29/2020,south
" $1,614.00 ",12/29/2020,east
" $1,767.00 ",12/29/2020,west
" $1,524.00 ",12/30/2020,north
" $1,530.00 ",12/30/2020,south
" $1,584.00 ",12/30/2020,east
" $1,791.00 ",12/30/2020,west
" $1,740.00 ",12/31/2020,north
" $1,698.00 ",12/31/2020,south
" $1,770.00 ",12/31/2020,east
" $1,650.00 ",12/31/2020,west
" $1,536.00 ",1/1/2021,north
" $1,542.00 ",1/1/2021,south
" $1,671.00 ",1/1/2021,east
" $1,752.00 ",1/1/2021,west
" $1,794.00 ",1/2/2021,north
" $1,620.00 ",1/2/2021,south
" $1,584.00 ",1/2/2021,east
" $1,503.00 ",1/2/2021,west
" $1,758.00 ",1/3/2021,north
" $1,578.00 ",1/3/2021,south
" $1,677.00 ",1/3/2021,east
" $1,722.00 ",1/3/2021,west
" $1,590.00 ",1/4/2021,north
" $1,785.00 ",1/4/2021,south
" $1,731.00 ",1/4/2021,east
" $1,686.00 ",1/4/2021,west
" $1,536.00 ",1/5/2021,north
" $1,578.00 ",1/5/2021,south
" $1,683.00 ",1/5/2021,east
" $1,608.00 ",1/5/2021,west
" $1,743.00 ",1/6/2021,north
" $1,743.00 ",1/6/2021,south
" $1,638.00 ",1/6/2021,east
" $1,788.00 ",1/6/2021,west
" $1,716.00 ",1/7/2021,north
" $1,602.00 ",1/7/2021,south
" $1,596.00 ",1/7/2021,east
" $1,797.00 ",1/7/2021,west
" $1,662.00 ",1/8/2021,north
" $1,668.00 ",1/8/2021,south
" $1,662.00 ",1/8/2021,east
" $1,521.00 ",1/8/2021,west
" $1,563.00 ",1/9/2021,north
" $1,647.00 ",1/9/2021,south
" $1,743.00 ",1/9/2021,east
" $1,653.00 ",1/9/2021,west
" $1,731.00 ",1/10/2021,north
" $1,608.00 ",1/10/2021,south
" $1,512.00 ",1/10/2021,east
" $1,545.00 ",1/10/2021,west
" $1,740.00 ",1/11/2021,north
" $1,611.00 ",1/11/2021,south
" $1,536.00 ",1/11/2021,east
" $1,626.00 ",1/11/2021,west
" $1,614.00 ",1/12/2021,north
" $1,572.00 ",1/12/2021,south
" $1,539.00 ",1/12/2021,east
" $1,605.00 ",1/12/2021,west
" $1,545.00 ",1/13/2021,north
" $1,542.00 ",1/13/2021,south
" $1,779.00 ",1/13/2021,east
" $1,680.00 ",1/13/2021,west
" $1,701.00 ",1/14/2021,north
" $1,677.00 ",1/14/2021,south
" $1,614.00 ",1/14/2021,east
" $1,590.00 ",1/14/2021,west
" $2,025.00 ",1/15/2021,north
" $2,195.00 ",1/15/2021,south
" $2,180.00 ",1/15/2021,east
" $2,395.00 ",1/15/2021,west
" $2,110.00 ",1/16/2021,north
" $2,145.00 ",1/16/2021,south
" $2,340.00 ",1/16/2021,east
" $2,390.00 ",1/16/2021,west
" $2,475.00 ",1/17/2021,north
" $2,320.00 ",1/17/2021,south
" $2,105.00 ",1/17/2021,east
" $2,090.00 ",1/17/2021,west
" $2,050.00 ",1/18/2021,north
" $2,410.00 ",1/18/2021,south
" $2,125.00 ",1/18/2021,east
" $2,325.00 ",1/18/2021,west
" $2,335.00 ",1/19/2021,north
" $2,105.00 ",1/19/2021,south
" $2,340.00 ",1/19/2021,east
" $2,420.00 ",1/19/2021,west
" $2,415.00 ",1/20/2021,north
" $2,495.00 ",1/20/2021,south
" $2,070.00 ",1/20/2021,east
" $2,405.00 ",1/20/2021,west
" $2,090.00 ",1/21/2021,north
" $2,145.00 ",1/21/2021,south
" $2,245.00 ",1/21/2021,east
" $2,330.00 ",1/21/2021,west
" $2,460.00 ",1/22/2021,north
" $2,230.00 ",1/22/2021,south
" $2,010.00 ",1/22/2021,east
" $2,380.00 ",1/22/2021,west
" $2,025.00 ",1/23/2021,north
" $2,085.00 ",1/23/2021,south
" $2,420.00 ",1/23/2021,east
" $2,175.00 ",1/23/2021,west
" $2,015.00 ",1/24/2021,north
" $2,445.00 ",1/24/2021,south
" $2,255.00 ",1/24/2021,east
" $2,085.00 ",1/24/2021,west
" $2,210.00 ",1/25/2021,north
" $2,145.00 ",1/25/2021,south
" $2,200.00 ",1/25/2021,east
" $2,160.00 ",1/25/2021,west
" $2,050.00 ",1/26/2021,north
" $2,280.00 ",1/26/2021,south
" $2,165.00 ",1/26/2021,east
" $2,345.00 ",1/26/2021,west
" $2,000.00 ",1/27/2021,north
" $2,010.00 ",1/27/2021,south
" $2,060.00 ",1/27/2021,east
" $2,020.00 ",1/27/2021,west
" $2,140.00 ",1/28/2021,north
" $2,310.00 ",1/28/2021,south
" $2,285.00 ",1/28/2021,east
" $2,005.00 ",1/28/2021,west
" $2,295.00 ",1/29/2021,north
" $2,195.00 ",1/29/2021,south
" $2,465.00 ",1/29/2021,east
" $2,095.00 ",1/29/2021,west
" $2,400.00 ",1/30/2021,north
" $2,290.00 ",1/30/2021,south
" $2,370.00 ",1/30/2021,east
" $2,165.00 ",1/30/2021,west
" $2,430.00 ",1/31/2021,north
" $2,260.00 ",1/31/2021,south
" $2,215.00 ",1/31/2021,east
" $2,145.00 ",1/31/2021,west
" $2,350.00 ",2/1/2021,north
" $2,180.00 ",2/1/2021,south
" $2,290.00 ",2/1/2021,east
" $2,115.00 ",2/1/2021,west
" $2,315.00 ",2/2/2021,north
" $2,100.00 ",2/2/2021,south
" $2,430.00 ",2/2/2021,east
" $2,215.00 ",2/2/2021,west
" $2,000.00 ",2/3/2021,north
" $2,355.00 ",2/3/2021,south
" $2,110.00 ",2/3/2021,east
" $2,240.00 ",2/3/2021,west
" $2,380.00 ",2/4/2021,north
" $2,305.00 ",2/4/2021,south
" $2,300.00 ",2/4/2021,east
" $2,120.00 ",2/4/2021,west
" $2,185.00 ",2/5/2021,north
" $2,295.00 ",2/5/2021,south
" $2,215.00 ",2/5/2021,east
" $2,050.00 ",2/5/2021,west
" $2,225.00 ",2/6/2021,north
" $2,405.00 ",2/6/2021,south
" $2,095.00 ",2/6/2021,east
" $2,200.00 ",2/6/2021,west
" $2,070.00 ",2/7/2021,north
" $2,065.00 ",2/7/2021,south
" $2,080.00 ",2/7/2021,east
" $2,010.00 ",2/7/2021,west
" $2,395.00 ",2/8/2021,north
" $2,345.00 ",2/8/2021,south
" $2,085.00 ",2/8/2021,east
" $2,250.00 ",2/8/2021,west
" $2,045.00 ",2/9/2021,north
" $2,345.00 ",2/9/2021,south
" $2,455.00 ",2/9/2021,east
" $2,260.00 ",2/9/2021,west
" $2,130.00 ",2/10/2021,north
" $2,035.00 ",2/10/2021,south
" $2,045.00 ",2/10/2021,east
" $2,145.00 ",2/10/2021,west
" $2,320.00 ",2/11/2021,north
" $2,350.00 ",2/11/2021,south
" $2,085.00 ",2/11/2021,east
" $2,160.00 ",2/11/2021,west
" $2,375.00 ",2/12/2021,north
" $2,230.00 ",2/12/2021,south
" $2,230.00 ",2/12/2021,east
" $2,130.00 ",2/12/2021,west
" $2,425.00 ",2/13/2021,north
" $2,465.00 ",2/13/2021,south
" $2,105.00 ",2/13/2021,east
" $2,485.00 ",2/13/2021,west
" $2,340.00 ",2/14/2021,north
" $2,240.00 ",2/14/2021,south
" $2,285.00 ",2/14/2021,east
" $2,375.00 ",2/14/2021,west
" $2,110.00 ",2/15/2021,north
" $2,325.00 ",2/15/2021,south
" $2,265.00 ",2/15/2021,east
" $2,175.00 ",2/15/2021,west
" $2,295.00 ",2/16/2021,north
" $2,250.00 ",2/16/2021,south
" $2,180.00 ",2/16/2021,east
" $2,465.00 ",2/16/2021,west
" $2,380.00 ",2/17/2021,north
" $2,130.00 ",2/17/2021,south
" $2,350.00 ",2/17/2021,east
" $2,470.00 ",2/17/2021,west
" $2,005.00 ",2/18/2021,north
" $2,125.00 ",2/18/2021,south
" $2,480.00 ",2/18/2021,east
" $2,240.00 ",2/18/2021,west
" $2,125.00 ",2/19/2021,north
" $2,425.00 ",2/19/2021,south
" $2,050.00 ",2/19/2021,east
" $2,045.00 ",2/19/2021,west
" $2,260.00 ",2/20/2021,north
" $2,105.00 ",2/20/2021,south
" $2,420.00 ",2/20/2021,east
" $2,400.00 ",2/20/2021,west
" $2,345.00 ",2/21/2021,north
" $2,040.00 ",2/21/2021,south
" $2,170.00 ",2/21/2021,east
" $2,445.00 ",2/21/2021,west
" $2,145.00 ",2/22/2021,north
" $2,050.00 ",2/22/2021,south
" $2,200.00 ",2/22/2021,east
" $2,140.00 ",2/22/2021,west
" $2,490.00 ",2/23/2021,north
" $2,370.00 ",2/23/2021,south
" $2,055.00 ",2/23/2021,east
" $2,380.00 ",2/23/2021,west
" $2,330.00 ",2/24/2021,north
" $2,420.00 ",2/24/2021,south
" $2,235.00 ",2/24/2021,east
" $2,045.00 ",2/24/2021,west
" $2,205.00 ",2/25/2021,north
" $2,065.00 ",2/25/2021,south
" $2,300.00 ",2/25/2021,east
" $2,035.00 ",2/25/2021,west
" $2,455.00 ",2/26/2021,north
" $2,350.00 ",2/26/2021,south
" $2,270.00 ",2/26/2021,east
" $2,315.00 ",2/26/2021,west
" $2,000.00 ",2/27/2021,north
" $2,305.00 ",2/27/2021,south
" $2,150.00 ",2/27/2021,east
" $2,305.00 ",2/27/2021,west
" $2,145.00 ",2/28/2021,north
" $2,155.00 ",2/28/2021,south
" $2,290.00 ",2/28/2021,east
" $2,155.00 ",2/28/2021,west
" $2,360.00 ",3/1/2021,north
" $2,430.00 ",3/1/2021,south
" $2,185.00 ",3/1/2021,east
" $2,245.00 ",3/1/2021,west
" $2,370.00 ",3/2/2021,north
" $2,300.00 ",3/2/2021,south
" $2,215.00 ",3/2/2021,east
" $2,225.00 ",3/2/2021,west
" $2,405.00 ",3/3/2021,north
" $2,000.00 ",3/3/2021,south
" $2,025.00 ",3/3/2021,east
" $2,380.00 ",3/3/2021,west
" $2,390.00 ",3/4/2021,north
" $2,335.00 ",3/4/2021,south
" $2,205.00 ",3/4/2021,east
" $2,035.00 ",3/4/2021,west
" $2,080.00 ",3/5/2021,north
" $2,340.00 ",3/5/2021,south
" $2,045.00 ",3/5/2021,east
" $2,005.00 ",3/5/2021,west
" $2,075.00 ",3/6/2021,north
" $2,190.00 ",3/6/2021,south
" $2,305.00 ",3/6/2021,east
" $2,190.00 ",3/6/2021,west
" $2,220.00 ",3/7/2021,north
" $2,025.00 ",3/7/2021,south
" $2,350.00 ",3/7/2021,east
" $2,425.00 ",3/7/2021,west
" $2,170.00 ",3/8/2021,north
" $2,095.00 ",3/8/2021,south
" $2,475.00 ",3/8/2021,east
" $2,395.00 ",3/8/2021,west
" $2,380.00 ",3/9/2021,north
" $2,000.00 ",3/9/2021,south
" $2,180.00 ",3/9/2021,east
" $2,365.00 ",3/9/2021,west
" $2,380.00 ",3/10/2021,north
" $2,320.00 ",3/10/2021,south
" $2,005.00 ",3/10/2021,east
" $2,270.00 ",3/10/2021,west
" $2,005.00 ",3/11/2021,north
" $2,410.00 ",3/11/2021,south
" $2,065.00 ",3/11/2021,east
" $2,170.00 ",3/11/2021,west
" $2,175.00 ",3/12/2021,north
" $2,310.00 ",3/12/2021,south
" $2,490.00 ",3/12/2021,east
" $2,400.00 ",3/12/2021,west
" $2,065.00 ",3/13/2021,north
" $2,165.00 ",3/13/2021,south
" $2,305.00 ",3/13/2021,east
" $2,100.00 ",3/13/2021,west
" $2,245.00 ",3/14/2021,north
" $2,365.00 ",3/14/2021,south
" $2,300.00 ",3/14/2021,east
" $2,340.00 ",3/14/2021,west
" $2,330.00 ",3/15/2021,north
" $2,445.00 ",3/15/2021,south
" $2,390.00 ",3/15/2021,east
" $2,210.00 ",3/15/2021,west
" $2,365.00 ",3/16/2021,north
" $2,500.00 ",3/16/2021,south
" $2,235.00 ",3/16/2021,east
" $2,480.00 ",3/16/2021,west
" $2,065.00 ",3/17/2021,north
" $2,325.00 ",3/17/2021,south
" $2,480.00 ",3/17/2021,east
" $2,265.00 ",3/17/2021,west
" $2,440.00 ",3/18/2021,north
" $2,020.00 ",3/18/2021,south
" $2,115.00 ",3/18/2021,east
" $2,075.00 ",3/18/2021,west
" $2,035.00 ",3/19/2021,north
" $2,495.00 ",3/19/2021,south
" $2,340.00 ",3/19/2021,east
" $2,220.00 ",3/19/2021,west
" $2,380.00 ",3/20/2021,north
" $2,360.00 ",3/20/2021,south
" $2,325.00 ",3/20/2021,east
" $2,340.00 ",3/20/2021,west
" $2,300.00 ",3/21/2021,north
" $2,030.00 ",3/21/2021,south
" $2,110.00 ",3/21/2021,east
" $2,490.00 ",3/21/2021,west
" $2,420.00 ",3/22/2021,north
" $2,030.00 ",3/22/2021,south
" $2,450.00 ",3/22/2021,east
" $2,315.00 ",3/22/2021,west
" $2,470.00 ",3/23/2021,north
" $2,240.00 ",3/23/2021,south
" $2,155.00 ",3/23/2021,east
" $2,005.00 ",3/23/2021,west
" $2,005.00 ",3/24/2021,north
" $2,075.00 ",3/24/2021,south
" $2,080.00 ",3/24/2021,east
" $2,395.00 ",3/24/2021,west
" $2,435.00 ",3/25/2021,north
" $2,055.00 ",3/25/2021,south
" $2,130.00 ",3/25/2021,east
" $2,365.00 ",3/25/2021,west
" $2,320.00 ",3/26/2021,north
" $2,325.00 ",3/26/2021,south
" $2,210.00 ",3/26/2021,east
" $2,225.00 ",3/26/2021,west
" $2,465.00 ",3/27/2021,north
" $2,175.00 ",3/27/2021,south
" $2,145.00 ",3/27/2021,east
" $2,085.00 ",3/27/2021,west
" $2,310.00 ",3/28/2021,north
" $2,070.00 ",3/28/2021,south
" $2,355.00 ",3/28/2021,east
" $2,410.00 ",3/28/2021,west
" $2,475.00 ",3/29/2021,north
" $2,005.00 ",3/29/2021,south
" $2,025.00 ",3/29/2021,east
" $2,265.00 ",3/29/2021,west
" $2,090.00 ",3/30/2021,north
" $2,390.00 ",3/30/2021,south
" $2,410.00 ",3/30/2021,east
" $2,035.00 ",3/30/2021,west
" $2,475.00 ",3/31/2021,north
" $2,135.00 ",3/31/2021,south
" $2,440.00 ",3/31/2021,east
" $2,105.00 ",3/31/2021,west
" $2,405.00 ",4/1/2021,north
" $2,000.00 ",4/1/2021,south
" $2,480.00 ",4/1/2021,east
" $2,495.00 ",4/1/2021,west
" $2,260.00 ",4/2/2021,north
" $2,100.00 ",4/2/2021,south
" $2,480.00 ",4/2/2021,east
" $2,325.00 ",4/2/2021,west
" $2,345.00 ",4/3/2021,north
" $2,005.00 ",4/3/2021,south
" $2,175.00 ",4/3/2021,east
" $2,330.00 ",4/3/2021,west
" $2,480.00 ",4/4/2021,north
" $2,455.00 ",4/4/2021,south
" $2,165.00 ",4/4/2021,east
" $2,355.00 ",4/4/2021,west
" $2,270.00 ",4/5/2021,north
" $2,415.00 ",4/5/2021,south
" $2,150.00 ",4/5/2021,east
" $2,215.00 ",4/5/2021,west
" $2,440.00 ",4/6/2021,north
" $2,435.00 ",4/6/2021,south
" $2,255.00 ",4/6/2021,east
" $2,260.00 ",4/6/2021,west
" $2,020.00 ",4/7/2021,north
" $2,125.00 ",4/7/2021,south
" $2,120.00 ",4/7/2021,east
" $2,070.00 ",4/7/2021,west
" $2,135.00 ",4/8/2021,north
" $2,050.00 ",4/8/2021,south
" $2,400.00 ",4/8/2021,east
" $2,040.00 ",4/8/2021,west
" $2,265.00 ",4/9/2021,north
" $2,340.00 ",4/9/2021,south
" $2,245.00 ",4/9/2021,east
" $2,450.00 ",4/9/2021,west
" $2,385.00 ",4/10/2021,north
" $2,255.00 ",4/10/2021,south
" $2,065.00 ",4/10/2021,east
" $2,295.00 ",4/10/2021,west
" $2,415.00 ",4/11/2021,north
" $2,355.00 ",4/11/2021,south
" $2,425.00 ",4/11/2021,east
" $2,150.00 ",4/11/2021,west
" $2,285.00 ",4/12/2021,north
" $2,315.00 ",4/12/2021,south
" $2,080.00 ",4/12/2021,east
" $2,305.00 ",4/12/2021,west
" $2,115.00 ",4/13/2021,north
" $2,380.00 ",4/13/2021,south
" $2,195.00 ",4/13/2021,east
" $2,325.00 ",4/13/2021,west
" $2,045.00 ",4/14/2021,north
" $2,370.00 ",4/14/2021,south
" $2,485.00 ",4/14/2021,east
" $2,085.00 ",4/14/2021,west
" $2,185.00 ",4/15/2021,north
" $2,275.00 ",4/15/2021,south
" $2,050.00 ",4/15/2021,east
" $2,320.00 ",4/15/2021,west
" $2,335.00 ",4/16/2021,north
" $2,415.00 ",4/16/2021,south
" $2,115.00 ",4/16/2021,east
" $2,380.00 ",4/16/2021,west
" $2,375.00 ",4/17/2021,north
" $2,250.00 ",4/17/2021,south
" $2,415.00 ",4/17/2021,east
" $2,395.00 ",4/17/2021,west
" $2,005.00 ",4/18/2021,north
" $2,215.00 ",4/18/2021,south
" $2,405.00 ",4/18/2021,east
" $2,265.00 ",4/18/2021,west
" $2,160.00 ",4/19/2021,north
" $2,115.00 ",4/19/2021,south
" $2,175.00 ",4/19/2021,east
" $2,420.00 ",4/19/2021,west
" $2,290.00 ",4/20/2021,north
" $2,115.00 ",4/20/2021,south
" $2,110.00 ",4/20/2021,east
" $2,395.00 ",4/20/2021,west
" $2,400.00 ",4/21/2021,north
" $2,195.00 ",4/21/2021,south
" $2,095.00 ",4/21/2021,east
" $2,330.00 ",4/21/2021,west
" $2,235.00 ",4/22/2021,north
" $2,195.00 ",4/22/2021,south
" $2,480.00 ",4/22/2021,east
" $2,270.00 ",4/22/2021,west
" $2,280.00 ",4/23/2021,north
" $2,065.00 ",4/23/2021,south
" $2,065.00 ",4/23/2021,east
" $2,260.00 ",4/23/2021,west
" $2,440.00 ",4/24/2021,north
" $2,130.00 ",4/24/2021,south
" $2,345.00 ",4/24/2021,east
" $2,020.00 ",4/24/2021,west
" $2,275.00 ",4/25/2021,north
" $2,375.00 ",4/25/2021,south
" $2,340.00 ",4/25/2021,east
" $2,300.00 ",4/25/2021,west
" $2,260.00 ",4/26/2021,north
" $2,295.00 ",4/26/2021,south
" $2,295.00 ",4/26/2021,east
" $2,115.00 ",4/26/2021,west
" $2,095.00 ",4/27/2021,north
" $2,010.00 ",4/27/2021,south
" $2,245.00 ",4/27/2021,east
" $2,245.00 ",4/27/2021,west
" $2,385.00 ",4/28/2021,north
" $2,230.00 ",4/28/2021,south
" $2,285.00 ",4/28/2021,east
" $2,115.00 ",4/28/2021,west
" $2,150.00 ",4/29/2021,north
" $2,065.00 ",4/29/2021,south
" $2,110.00 ",4/29/2021,east
" $2,175.00 ",4/29/2021,west
" $2,320.00 ",4/30/2021,north
" $2,435.00 ",4/30/2021,south
" $2,050.00 ",4/30/2021,east
" $2,165.00 ",4/30/2021,west
" $2,460.00 ",5/1/2021,north
" $2,165.00 ",5/1/2021,south
" $2,110.00 ",5/1/2021,east
" $2,320.00 ",5/1/2021,west
" $2,305.00 ",5/2/2021,north
" $2,145.00 ",5/2/2021,south
" $2,460.00 ",5/2/2021,east
" $2,260.00 ",5/2/2021,west
" $2,355.00 ",5/3/2021,north
" $2,070.00 ",5/3/2021,south
" $2,455.00 ",5/3/2021,east
" $2,090.00 ",5/3/2021,west
" $2,270.00 ",5/4/2021,north
" $2,425.00 ",5/4/2021,south
" $2,415.00 ",5/4/2021,east
" $2,065.00 ",5/4/2021,west
" $2,315.00 ",5/5/2021,north
" $2,120.00 ",5/5/2021,south
" $2,330.00 ",5/5/2021,east
" $2,295.00 ",5/5/2021,west
" $2,120.00 ",5/6/2021,north
" $2,050.00 ",5/6/2021,south
" $2,140.00 ",5/6/2021,east
" $2,230.00 ",5/6/2021,west
" $2,090.00 ",5/7/2021,north
" $2,335.00 ",5/7/2021,south
" $2,125.00 ",5/7/2021,east
" $2,380.00 ",5/7/2021,west
" $2,090.00 ",5/8/2021,north
" $2,490.00 ",5/8/2021,south
" $2,200.00 ",5/8/2021,east
" $2,045.00 ",5/8/2021,west
" $2,140.00 ",5/9/2021,north
" $2,115.00 ",5/9/2021,south
" $2,045.00 ",5/9/2021,east
" $2,385.00 ",5/9/2021,west
" $2,250.00 ",5/10/2021,north
" $2,325.00 ",5/10/2021,south
" $2,325.00 ",5/10/2021,east
" $2,400.00 ",5/10/2021,west
" $2,120.00 ",5/11/2021,north
" $2,165.00 ",5/11/2021,south
" $2,175.00 ",5/11/2021,east
" $2,190.00 ",5/11/2021,west
" $2,155.00 ",5/12/2021,north
" $2,325.00 ",5/12/2021,south
" $2,025.00 ",5/12/2021,east
" $2,455.00 ",5/12/2021,west
" $2,330.00 ",5/13/2021,north
" $2,210.00 ",5/13/2021,south
" $2,010.00 ",5/13/2021,east
" $2,320.00 ",5/13/2021,west
" $2,135.00 ",5/14/2021,north
" $2,500.00 ",5/14/2021,south
" $2,140.00 ",5/14/2021,east
" $2,190.00 ",5/14/2021,west
" $2,240.00 ",5/15/2021,north
" $2,180.00 ",5/15/2021,south
" $2,020.00 ",5/15/2021,east
" $2,390.00 ",5/15/2021,west
" $2,375.00 ",5/16/2021,north
" $2,050.00 ",5/16/2021,south
" $2,080.00 ",5/16/2021,east
" $2,055.00 ",5/16/2021,west
" $2,020.00 ",5/17/2021,north
" $2,470.00 ",5/17/2021,south
" $2,220.00 ",5/17/2021,east
" $2,255.00 ",5/17/2021,west
" $2,185.00 ",5/18/2021,north
" $2,455.00 ",5/18/2021,south
" $2,270.00 ",5/18/2021,east
" $2,415.00 ",5/18/2021,west
" $2,400.00 ",5/19/2021,north
" $2,300.00 ",5/19/2021,south
" $2,175.00 ",5/19/2021,east
" $2,020.00 ",5/19/2021,west
" $2,195.00 ",5/20/2021,north
" $2,050.00 ",5/20/2021,south
" $2,055.00 ",5/20/2021,east
" $2,300.00 ",5/20/2021,west
" $2,480.00 ",5/21/2021,north
" $2,240.00 ",5/21/2021,south
" $2,025.00 ",5/21/2021,east
" $2,480.00 ",5/21/2021,west
" $2,430.00 ",5/22/2021,north
" $2,100.00 ",5/22/2021,south
" $2,420.00 ",5/22/2021,east
" $2,410.00 ",5/22/2021,west
" $2,155.00 ",5/23/2021,north
" $2,345.00 ",5/23/2021,south
" $2,045.00 ",5/23/2021,east
" $2,240.00 ",5/23/2021,west
" $2,390.00 ",5/24/2021,north
" $2,210.00 ",5/24/2021,south
" $2,105.00 ",5/24/2021,east
" $2,075.00 ",5/24/2021,west
" $2,020.00 ",5/25/2021,north
" $2,105.00 ",5/25/2021,south
" $2,295.00 ",5/25/2021,east
" $2,005.00 ",5/25/2021,west
" $2,475.00 ",5/26/2021,north
" $2,210.00 ",5/26/2021,south
" $2,040.00 ",5/26/2021,east
" $2,085.00 ",5/26/2021,west
" $2,080.00 ",5/27/2021,north
" $2,260.00 ",5/27/2021,south
" $2,345.00 ",5/27/2021,east
" $2,160.00 ",5/27/2021,west
" $2,205.00 ",5/28/2021,north
" $2,055.00 ",5/28/2021,south
" $2,280.00 ",5/28/2021,east
" $2,205.00 ",5/28/2021,west
" $2,150.00 ",5/29/2021,north
" $2,450.00 ",5/29/2021,south
" $2,005.00 ",5/29/2021,east
" $2,115.00 ",5/29/2021,west
" $2,380.00 ",5/30/2021,north
" $2,225.00 ",5/30/2021,south
" $2,485.00 ",5/30/2021,east
" $2,310.00 ",5/30/2021,west
" $2,395.00 ",5/31/2021,north
" $2,095.00 ",5/31/2021,south
" $2,220.00 ",5/31/2021,east
" $2,130.00 ",5/31/2021,west
" $2,140.00 ",6/1/2021,north
" $2,450.00 ",6/1/2021,south
" $2,055.00 ",6/1/2021,east
" $2,215.00 ",6/1/2021,west
" $2,015.00 ",6/2/2021,north
" $2,350.00 ",6/2/2021,south
" $2,005.00 ",6/2/2021,east
" $2,015.00 ",6/2/2021,west
" $2,375.00 ",6/3/2021,north
" $2,025.00 ",6/3/2021,south
" $2,375.00 ",6/3/2021,east
" $2,300.00 ",6/3/2021,west
" $2,405.00 ",6/4/2021,north
" $2,135.00 ",6/4/2021,south
" $2,315.00 ",6/4/2021,east
" $2,300.00 ",6/4/2021,west
" $2,425.00 ",6/5/2021,north
" $2,400.00 ",6/5/2021,south
" $2,245.00 ",6/5/2021,east
" $2,085.00 ",6/5/2021,west
" $2,020.00 ",6/6/2021,north
" $2,190.00 ",6/6/2021,south
" $2,450.00 ",6/6/2021,east
" $2,245.00 ",6/6/2021,west
" $2,390.00 ",6/7/2021,north
" $2,020.00 ",6/7/2021,south
" $2,360.00 ",6/7/2021,east
" $2,070.00 ",6/7/2021,west
" $2,290.00 ",6/8/2021,north
" $2,035.00 ",6/8/2021,south
" $2,450.00 ",6/8/2021,east
" $2,120.00 ",6/8/2021,west
" $2,480.00 ",6/9/2021,north
" $2,500.00 ",6/9/2021,south
" $2,365.00 ",6/9/2021,east
" $2,330.00 ",6/9/2021,west
" $2,280.00 ",6/10/2021,north
" $2,015.00 ",6/10/2021,south
" $2,500.00 ",6/10/2021,east
" $2,405.00 ",6/10/2021,west
" $2,385.00 ",6/11/2021,north
" $2,090.00 ",6/11/2021,south
" $2,300.00 ",6/11/2021,east
" $2,350.00 ",6/11/2021,west
" $2,095.00 ",6/12/2021,north
" $2,375.00 ",6/12/2021,south
" $2,270.00 ",6/12/2021,east
" $2,365.00 ",6/12/2021,west
" $2,205.00 ",6/13/2021,north
" $2,260.00 ",6/13/2021,south
" $2,135.00 ",6/13/2021,east
" $2,280.00 ",6/13/2021,west
" $2,485.00 ",6/14/2021,north
" $2,025.00 ",6/14/2021,south
" $2,460.00 ",6/14/2021,east
" $2,285.00 ",6/14/2021,west
" $2,090.00 ",6/15/2021,north
" $2,075.00 ",6/15/2021,south
" $2,125.00 ",6/15/2021,east
" $2,085.00 ",6/15/2021,west
" $2,410.00 ",6/16/2021,north
" $2,265.00 ",6/16/2021,south
" $2,145.00 ",6/16/2021,east
" $2,320.00 ",6/16/2021,west
" $2,260.00 ",6/17/2021,north
" $2,460.00 ",6/17/2021,south
" $2,060.00 ",6/17/2021,east
" $2,120.00 ",6/17/2021,west
" $2,325.00 ",6/18/2021,north
" $2,275.00 ",6/18/2021,south
" $2,285.00 ",6/18/2021,east
" $2,150.00 ",6/18/2021,west
" $2,160.00 ",6/19/2021,north
" $2,020.00 ",6/19/2021,south
" $2,430.00 ",6/19/2021,east
" $2,025.00 ",6/19/2021,west
" $2,280.00 ",6/20/2021,north
" $2,425.00 ",6/20/2021,south
" $2,230.00 ",6/20/2021,east
" $2,160.00 ",6/20/2021,west
" $2,360.00 ",6/21/2021,north
" $2,305.00 ",6/21/2021,south
" $2,105.00 ",6/21/2021,east
" $2,290.00 ",6/21/2021,west
" $2,280.00 ",6/22/2021,north
" $2,010.00 ",6/22/2021,south
" $2,095.00 ",6/22/2021,east
" $2,270.00 ",6/22/2021,west
" $2,080.00 ",6/23/2021,north
" $2,345.00 ",6/23/2021,south
" $2,240.00 ",6/23/2021,east
" $2,425.00 ",6/23/2021,west
" $2,390.00 ",6/24/2021,north
" $2,155.00 ",6/24/2021,south
" $2,060.00 ",6/24/2021,east
" $2,055.00 ",6/24/2021,west
" $2,140.00 ",6/25/2021,north
" $2,340.00 ",6/25/2021,south
" $2,030.00 ",6/25/2021,east
" $2,310.00 ",6/25/2021,west
" $2,065.00 ",6/26/2021,north
" $2,330.00 ",6/26/2021,south
" $2,145.00 ",6/26/2021,east
" $2,050.00 ",6/26/2021,west
" $2,095.00 ",6/27/2021,north
" $2,460.00 ",6/27/2021,south
" $2,195.00 ",6/27/2021,east
" $2,020.00 ",6/27/2021,west
" $2,185.00 ",6/28/2021,north
" $2,190.00 ",6/28/2021,south
" $2,050.00 ",6/28/2021,east
" $2,045.00 ",6/28/2021,west
" $2,155.00 ",6/29/2021,north
" $2,135.00 ",6/29/2021,south
" $2,280.00 ",6/29/2021,east
" $2,485.00 ",6/29/2021,west
" $2,040.00 ",6/30/2021,north
" $2,130.00 ",6/30/2021,south
" $2,490.00 ",6/30/2021,east
" $2,160.00 ",6/30/2021,west
" $2,065.00 ",7/1/2021,north
" $2,355.00 ",7/1/2021,south
" $2,205.00 ",7/1/2021,east
" $2,265.00 ",7/1/2021,west
" $2,005.00 ",7/2/2021,north
" $2,450.00 ",7/2/2021,south
" $2,500.00 ",7/2/2021,east
" $2,445.00 ",7/2/2021,west
" $2,460.00 ",7/3/2021,north
" $2,060.00 ",7/3/2021,south
" $2,090.00 ",7/3/2021,east
" $2,415.00 ",7/3/2021,west
" $2,395.00 ",7/4/2021,north
" $2,370.00 ",7/4/2021,south
" $2,110.00 ",7/4/2021,east
" $2,395.00 ",7/4/2021,west
" $2,205.00 ",7/5/2021,north
" $2,245.00 ",7/5/2021,south
" $2,330.00 ",7/5/2021,east
" $2,010.00 ",7/5/2021,west
" $2,430.00 ",7/6/2021,north
" $2,125.00 ",7/6/2021,south
" $2,235.00 ",7/6/2021,east
" $2,175.00 ",7/6/2021,west
" $2,460.00 ",7/7/2021,north
" $2,500.00 ",7/7/2021,south
" $2,315.00 ",7/7/2021,east
" $2,120.00 ",7/7/2021,west
" $2,040.00 ",7/8/2021,north
" $2,425.00 ",7/8/2021,south
" $2,375.00 ",7/8/2021,east
" $2,080.00 ",7/8/2021,west
" $2,105.00 ",7/9/2021,north
" $2,240.00 ",7/9/2021,south
" $2,015.00 ",7/9/2021,east
" $2,170.00 ",7/9/2021,west
" $2,195.00 ",7/10/2021,north
" $2,440.00 ",7/10/2021,south
" $2,040.00 ",7/10/2021,east
" $2,260.00 ",7/10/2021,west
" $2,170.00 ",7/11/2021,north
" $2,200.00 ",7/11/2021,south
" $2,260.00 ",7/11/2021,east
" $2,395.00 ",7/11/2021,west
" $2,010.00 ",7/12/2021,north
" $2,005.00 ",7/12/2021,south
" $2,250.00 ",7/12/2021,east
" $2,010.00 ",7/12/2021,west
" $2,145.00 ",7/13/2021,north
" $2,105.00 ",7/13/2021,south
" $2,265.00 ",7/13/2021,east
" $2,020.00 ",7/13/2021,west
" $2,295.00 ",7/14/2021,north
" $2,330.00 ",7/14/2021,south
" $2,280.00 ",7/14/2021,east
" $2,045.00 ",7/14/2021,west
" $2,375.00 ",7/15/2021,north
" $2,370.00 ",7/15/2021,south
" $2,255.00 ",7/15/2021,east
" $2,305.00 ",7/15/2021,west
" $2,440.00 ",7/16/2021,north
" $2,020.00 ",7/16/2021,south
" $2,035.00 ",7/16/2021,east
" $2,155.00 ",7/16/2021,west
" $2,145.00 ",7/17/2021,north
" $2,080.00 ",7/17/2021,south
" $2,345.00 ",7/17/2021,east
" $2,230.00 ",7/17/2021,west
" $2,375.00 ",7/18/2021,north
" $2,165.00 ",7/18/2021,south
" $2,175.00 ",7/18/2021,east
" $2,385.00 ",7/18/2021,west
" $2,295.00 ",7/19/2021,north
" $2,170.00 ",7/19/2021,south
" $2,040.00 ",7/19/2021,east
" $2,205.00 ",7/19/2021,west
" $2,435.00 ",7/20/2021,north
" $2,380.00 ",7/20/2021,south
" $2,445.00 ",7/20/2021,east
" $2,390.00 ",7/20/2021,west
" $2,115.00 ",7/21/2021,north
" $2,275.00 ",7/21/2021,south
" $2,200.00 ",7/21/2021,east
" $2,305.00 ",7/21/2021,west
" $2,280.00 ",7/22/2021,north
" $2,140.00 ",7/22/2021,south
" $2,205.00 ",7/22/2021,east
" $2,450.00 ",7/22/2021,west
" $2,060.00 ",7/23/2021,north
" $2,200.00 ",7/23/2021,south
" $2,390.00 ",7/23/2021,east
" $2,075.00 ",7/23/2021,west
" $2,015.00 ",7/24/2021,north
" $2,235.00 ",7/24/2021,south
" $2,360.00 ",7/24/2021,east
" $2,125.00 ",7/24/2021,west
" $2,235.00 ",7/25/2021,north
" $2,450.00 ",7/25/2021,south
" $2,155.00 ",7/25/2021,east
" $2,280.00 ",7/25/2021,west
" $2,285.00 ",7/26/2021,north
" $2,395.00 ",7/26/2021,south
" $2,360.00 ",7/26/2021,east
" $2,290.00 ",7/26/2021,west
" $2,440.00 ",7/27/2021,north
" $2,315.00 ",7/27/2021,south
" $2,080.00 ",7/27/2021,east
" $2,450.00 ",7/27/2021,west
" $2,165.00 ",7/28/2021,north
" $2,385.00 ",7/28/2021,south
" $2,010.00 ",7/28/2021,east
" $2,425.00 ",7/28/2021,west
" $2,125.00 ",7/29/2021,north
" $2,125.00 ",7/29/2021,south
" $2,235.00 ",7/29/2021,east
" $2,360.00 ",7/29/2021,west
" $2,005.00 ",7/30/2021,north
" $2,200.00 ",7/30/2021,south
" $2,155.00 ",7/30/2021,east
" $2,245.00 ",7/30/2021,west
" $2,220.00 ",7/31/2021,north
" $2,225.00 ",7/31/2021,south
" $2,150.00 ",7/31/2021,east
" $2,145.00 ",7/31/2021,west
" $2,070.00 ",8/1/2021,north
" $2,265.00 ",8/1/2021,south
" $2,055.00 ",8/1/2021,east
" $2,165.00 ",8/1/2021,west
" $2,280.00 ",8/2/2021,north
" $2,275.00 ",8/2/2021,south
" $2,200.00 ",8/2/2021,east
" $2,490.00 ",8/2/2021,west
" $2,350.00 ",8/3/2021,north
" $2,075.00 ",8/3/2021,south
" $2,250.00 ",8/3/2021,east
" $2,315.00 ",8/3/2021,west
" $2,480.00 ",8/4/2021,north
" $2,070.00 ",8/4/2021,south
" $2,450.00 ",8/4/2021,east
" $2,010.00 ",8/4/2021,west
" $2,420.00 ",8/5/2021,north
" $2,215.00 ",8/5/2021,south
" $2,130.00 ",8/5/2021,east
" $2,065.00 ",8/5/2021,west
" $2,060.00 ",8/6/2021,north
" $2,050.00 ",8/6/2021,south
" $2,470.00 ",8/6/2021,east
" $2,295.00 ",8/6/2021,west
" $2,230.00 ",8/7/2021,north
" $2,030.00 ",8/7/2021,south
" $2,310.00 ",8/7/2021,east
" $2,415.00 ",8/7/2021,west
" $2,480.00 ",8/8/2021,north
" $2,230.00 ",8/8/2021,south
" $2,360.00 ",8/8/2021,east
" $2,400.00 ",8/8/2021,west
" $2,165.00 ",8/9/2021,north
" $2,385.00 ",8/9/2021,south
" $2,240.00 ",8/9/2021,east
" $2,060.00 ",8/9/2021,west
" $2,295.00 ",8/10/2021,north
" $2,180.00 ",8/10/2021,south
" $2,075.00 ",8/10/2021,east
" $2,375.00 ",8/10/2021,west
" $2,250.00 ",8/11/2021,north
" $2,250.00 ",8/11/2021,south
" $2,345.00 ",8/11/2021,east
" $2,080.00 ",8/11/2021,west
" $2,495.00 ",8/12/2021,north
" $2,100.00 ",8/12/2021,south
" $2,430.00 ",8/12/2021,east
" $2,070.00 ",8/12/2021,west
" $2,285.00 ",8/13/2021,north
" $2,235.00 ",8/13/2021,south
" $2,480.00 ",8/13/2021,east
" $2,425.00 ",8/13/2021,west
" $2,095.00 ",8/14/2021,north
" $2,135.00 ",8/14/2021,south
" $2,330.00 ",8/14/2021,east
" $2,020.00 ",8/14/2021,west
" $2,060.00 ",8/15/2021,north
" $2,140.00 ",8/15/2021,south
" $2,470.00 ",8/15/2021,east
" $2,485.00 ",8/15/2021,west
" $2,040.00 ",8/16/2021,north
" $2,155.00 ",8/16/2021,south
" $2,120.00 ",8/16/2021,east
" $2,135.00 ",8/16/2021,west
" $2,395.00 ",8/17/2021,north
" $2,475.00 ",8/17/2021,south
" $2,360.00 ",8/17/2021,east
" $2,175.00 ",8/17/2021,west
" $2,490.00 ",8/18/2021,north
" $2,075.00 ",8/18/2021,south
" $2,325.00 ",8/18/2021,east
" $2,445.00 ",8/18/2021,west
" $2,080.00 ",8/19/2021,north
" $2,370.00 ",8/19/2021,south
" $2,225.00 ",8/19/2021,east
" $2,495.00 ",8/19/2021,west
" $2,160.00 ",8/20/2021,north
" $2,195.00 ",8/20/2021,south
" $2,315.00 ",8/20/2021,east
" $2,170.00 ",8/20/2021,west
" $2,230.00 ",8/21/2021,north
" $2,095.00 ",8/21/2021,south
" $2,050.00 ",8/21/2021,east
" $2,490.00 ",8/21/2021,west
" $2,095.00 ",8/22/2021,north
" $2,180.00 ",8/22/2021,south
" $2,075.00 ",8/22/2021,east
" $2,475.00 ",8/22/2021,west
" $2,020.00 ",8/23/2021,north
" $2,000.00 ",8/23/2021,south
" $2,210.00 ",8/23/2021,east
" $2,155.00 ",8/23/2021,west
" $2,215.00 ",8/24/2021,north
" $2,475.00 ",8/24/2021,south
" $2,265.00 ",8/24/2021,east
" $2,030.00 ",8/24/2021,west
" $2,020.00 ",8/25/2021,north
" $2,240.00 ",8/25/2021,south
" $2,000.00 ",8/25/2021,east
" $2,150.00 ",8/25/2021,west
" $2,370.00 ",8/26/2021,north
" $2,180.00 ",8/26/2021,south
" $2,470.00 ",8/26/2021,east
" $2,150.00 ",8/26/2021,west
" $2,170.00 ",8/27/2021,north
" $2,260.00 ",8/27/2021,south
" $2,140.00 ",8/27/2021,east
" $2,045.00 ",8/27/2021,west
" $2,490.00 ",8/28/2021,north
" $2,320.00 ",8/28/2021,south
" $2,230.00 ",8/28/2021,east
" $2,440.00 ",8/28/2021,west
" $2,185.00 ",8/29/2021,north
" $2,350.00 ",8/29/2021,south
" $2,445.00 ",8/29/2021,east
" $2,365.00 ",8/29/2021,west
" $2,065.00 ",8/30/2021,north
" $2,015.00 ",8/30/2021,south
" $2,160.00 ",8/30/2021,east
" $2,300.00 ",8/30/2021,west
" $2,045.00 ",8/31/2021,north
" $2,440.00 ",8/31/2021,south
" $2,165.00 ",8/31/2021,east
" $2,180.00 ",8/31/2021,west
" $2,330.00 ",9/1/2021,north
" $2,240.00 ",9/1/2021,south
" $2,120.00 ",9/1/2021,east
" $2,495.00 ",9/1/2021,west
" $2,080.00 ",9/2/2021,north
" $2,415.00 ",9/2/2021,south
" $2,085.00 ",9/2/2021,east
" $2,400.00 ",9/2/2021,west
" $2,255.00 ",9/3/2021,north
" $2,245.00 ",9/3/2021,south
" $2,020.00 ",9/3/2021,east
" $2,270.00 ",9/3/2021,west
" $2,395.00 ",9/4/2021,north
" $2,165.00 ",9/4/2021,south
" $2,020.00 ",9/4/2021,east
" $2,135.00 ",9/4/2021,west
" $2,330.00 ",9/5/2021,north
" $2,290.00 ",9/5/2021,south
" $2,045.00 ",9/5/2021,east
" $2,255.00 ",9/5/2021,west
" $2,345.00 ",9/6/2021,north
" $2,185.00 ",9/6/2021,south
" $2,335.00 ",9/6/2021,east
" $2,300.00 ",9/6/2021,west
" $2,040.00 ",9/7/2021,north
" $2,055.00 ",9/7/2021,south
" $2,270.00 ",9/7/2021,east
" $2,335.00 ",9/7/2021,west
" $2,425.00 ",9/8/2021,north
" $2,445.00 ",9/8/2021,south
" $2,480.00 ",9/8/2021,east
" $2,480.00 ",9/8/2021,west
" $2,000.00 ",9/9/2021,north
" $2,075.00 ",9/9/2021,south
" $2,345.00 ",9/9/2021,east
" $2,245.00 ",9/9/2021,west
" $2,070.00 ",9/10/2021,north
" $2,365.00 ",9/10/2021,south
" $2,015.00 ",9/10/2021,east
" $2,375.00 ",9/10/2021,west
" $2,270.00 ",9/11/2021,north
" $2,015.00 ",9/11/2021,south
" $2,000.00 ",9/11/2021,east
" $2,295.00 ",9/11/2021,west
" $2,435.00 ",9/12/2021,north
" $2,485.00 ",9/12/2021,south
" $2,450.00 ",9/12/2021,east
" $2,205.00 ",9/12/2021,west
" $2,415.00 ",9/13/2021,north
" $2,440.00 ",9/13/2021,south
" $2,490.00 ",9/13/2021,east
" $2,415.00 ",9/13/2021,west
" $2,260.00 ",9/14/2021,north
" $2,385.00 ",9/14/2021,south
" $2,280.00 ",9/14/2021,east
" $2,210.00 ",9/14/2021,west
" $2,070.00 ",9/15/2021,north
" $2,105.00 ",9/15/2021,south
" $2,425.00 ",9/15/2021,east
" $2,265.00 ",9/15/2021,west
" $2,190.00 ",9/16/2021,north
" $2,110.00 ",9/16/2021,south
" $2,115.00 ",9/16/2021,east
" $2,455.00 ",9/16/2021,west
" $2,270.00 ",9/17/2021,north
" $2,350.00 ",9/17/2021,south
" $2,365.00 ",9/17/2021,east
" $2,270.00 ",9/17/2021,west
" $2,200.00 ",9/18/2021,north
" $2,500.00 ",9/18/2021,south
" $2,425.00 ",9/18/2021,east
" $2,290.00 ",9/18/2021,west
" $2,460.00 ",9/19/2021,north
" $2,185.00 ",9/19/2021,south
" $2,390.00 ",9/19/2021,east
" $2,175.00 ",9/19/2021,west
" $2,480.00 ",9/20/2021,north
" $2,385.00 ",9/20/2021,south
" $2,150.00 ",9/20/2021,east
" $2,225.00 ",9/20/2021,west
" $2,395.00 ",9/21/2021,north
" $2,395.00 ",9/21/2021,south
" $2,445.00 ",9/21/2021,east
" $2,295.00 ",9/21/2021,west
" $2,285.00 ",9/22/2021,north
" $2,095.00 ",9/22/2021,south
" $2,310.00 ",9/22/2021,east
" $2,120.00 ",9/22/2021,west
" $2,075.00 ",9/23/2021,north
" $2,390.00 ",9/23/2021,south
" $2,485.00 ",9/23/2021,east
" $2,475.00 ",9/23/2021,west
" $2,225.00 ",9/24/2021,north
" $2,325.00 ",9/24/2021,south
" $2,195.00 ",9/24/2021,east
" $2,410.00 ",9/24/2021,west
" $2,285.00 ",9/25/2021,north
" $2,000.00 ",9/25/2021,south
" $2,345.00 ",9/25/2021,east
" $2,400.00 ",9/25/2021,west
" $2,260.00 ",9/26/2021,north
" $2,300.00 ",9/26/2021,south
" $2,150.00 ",9/26/2021,east
" $2,200.00 ",9/26/2021,west
" $2,140.00 ",9/27/2021,north
" $2,365.00 ",9/27/2021,south
" $2,090.00 ",9/27/2021,east
" $2,115.00 ",9/27/2021,west
" $2,070.00 ",9/28/2021,north
" $2,085.00 ",9/28/2021,south
" $2,435.00 ",9/28/2021,east
" $2,115.00 ",9/28/2021,west
" $2,340.00 ",9/29/2021,north
" $2,225.00 ",9/29/2021,south
" $2,140.00 ",9/29/2021,east
" $2,240.00 ",9/29/2021,west
" $2,000.00 ",9/30/2021,north
" $2,175.00 ",9/30/2021,south
" $2,020.00 ",9/30/2021,east
" $2,425.00 ",9/30/2021,west
" $2,350.00 ",10/1/2021,north
" $2,215.00 ",10/1/2021,south
" $2,345.00 ",10/1/2021,east
" $2,360.00 ",10/1/2021,west
" $2,370.00 ",10/2/2021,north
" $2,180.00 ",10/2/2021,south
" $2,000.00 ",10/2/2021,east
" $2,235.00 ",10/2/2021,west
" $2,055.00 ",10/3/2021,north
" $2,265.00 ",10/3/2021,south
" $2,165.00 ",10/3/2021,east
" $2,165.00 ",10/3/2021,west
" $2,135.00 ",10/4/2021,north
" $2,395.00 ",10/4/2021,south
" $2,240.00 ",10/4/2021,east
" $2,295.00 ",10/4/2021,west
" $2,425.00 ",10/5/2021,north
" $2,255.00 ",10/5/2021,south
" $2,145.00 ",10/5/2021,east
" $2,000.00 ",10/5/2021,west
" $2,090.00 ",10/6/2021,north
" $2,390.00 ",10/6/2021,south
" $2,120.00 ",10/6/2021,east
" $2,405.00 ",10/6/2021,west
" $2,370.00 ",10/7/2021,north
" $2,080.00 ",10/7/2021,south
" $2,160.00 ",10/7/2021,east
" $2,270.00 ",10/7/2021,west
" $2,455.00 ",10/8/2021,north
" $2,360.00 ",10/8/2021,south
" $2,085.00 ",10/8/2021,east
" $2,045.00 ",10/8/2021,west
" $2,260.00 ",10/9/2021,north
" $2,300.00 ",10/9/2021,south
" $2,065.00 ",10/9/2021,east
" $2,025.00 ",10/9/2021,west
" $2,400.00 ",10/10/2021,north
" $2,255.00 ",10/10/2021,south
" $2,335.00 ",10/10/2021,east
" $2,460.00 ",10/10/2021,west
" $2,120.00 ",10/11/2021,north
" $2,230.00 ",10/11/2021,south
" $2,195.00 ",10/11/2021,east
" $2,205.00 ",10/11/2021,west
" $2,105.00 ",10/12/2021,north
" $2,105.00 ",10/12/2021,south
" $2,065.00 ",10/12/2021,east
" $2,005.00 ",10/12/2021,west
" $2,205.00 ",10/13/2021,north
" $2,495.00 ",10/13/2021,south
" $2,125.00 ",10/13/2021,east
" $2,410.00 ",10/13/2021,west
" $2,320.00 ",10/14/2021,north
" $2,010.00 ",10/14/2021,south
" $2,330.00 ",10/14/2021,east
" $2,275.00 ",10/14/2021,west
" $2,305.00 ",10/15/2021,north
" $2,425.00 ",10/15/2021,south
" $2,310.00 ",10/15/2021,east
" $2,090.00 ",10/15/2021,west
" $2,485.00 ",10/16/2021,north
" $2,415.00 ",10/16/2021,south
" $2,395.00 ",10/16/2021,east
" $2,090.00 ",10/16/2021,west
" $2,010.00 ",10/17/2021,north
" $2,085.00 ",10/17/2021,south
" $2,250.00 ",10/17/2021,east
" $2,450.00 ",10/17/2021,west
" $2,230.00 ",10/18/2021,north
" $2,310.00 ",10/18/2021,south
" $2,005.00 ",10/18/2021,east
" $2,025.00 ",10/18/2021,west
" $2,085.00 ",10/19/2021,north
" $2,275.00 ",10/19/2021,south
" $2,220.00 ",10/19/2021,east
" $2,395.00 ",10/19/2021,west
" $2,070.00 ",10/20/2021,north
" $2,210.00 ",10/20/2021,south
" $2,290.00 ",10/20/2021,east
" $2,380.00 ",10/20/2021,west
" $2,475.00 ",10/21/2021,north
" $2,175.00 ",10/21/2021,south
" $2,015.00 ",10/21/2021,east
" $2,115.00 ",10/21/2021,west
" $2,030.00 ",10/22/2021,north
" $2,400.00 ",10/22/2021,south
" $2,180.00 ",10/22/2021,east
" $2,345.00 ",10/22/2021,west
" $2,485.00 ",10/23/2021,north
" $2,225.00 ",10/23/2021,south
" $2,095.00 ",10/23/2021,east
" $2,350.00 ",10/23/2021,west
" $2,315.00 ",10/24/2021,north
" $2,155.00 ",10/24/2021,south
" $2,305.00 ",10/24/2021,east
" $2,250.00 ",10/24/2021,west
" $2,470.00 ",10/25/2021,north
" $2,135.00 ",10/25/2021,south
" $2,255.00 ",10/25/2021,east
" $2,270.00 ",10/25/2021,west
" $2,410.00 ",10/26/2021,north
" $2,490.00 ",10/26/2021,south
" $2,250.00 ",10/26/2021,east
" $2,220.00 ",10/26/2021,west
" $2,145.00 ",10/27/2021,north
" $2,145.00 ",10/27/2021,south
" $2,450.00 ",10/27/2021,east
" $2,090.00 ",10/27/2021,west
" $2,165.00 ",10/28/2021,north
" $2,355.00 ",10/28/2021,south
" $2,315.00 ",10/28/2021,east
" $2,300.00 ",10/28/2021,west
" $2,225.00 ",10/29/2021,north
" $2,175.00 ",10/29/2021,south
" $2,435.00 ",10/29/2021,east
" $2,035.00 ",10/29/2021,west
" $2,430.00 ",10/30/2021,north
" $2,180.00 ",10/30/2021,south
" $2,060.00 ",10/30/2021,east
" $2,470.00 ",10/30/2021,west
" $2,400.00 ",10/31/2021,north
" $2,220.00 ",10/31/2021,south
" $2,395.00 ",10/31/2021,east
" $2,120.00 ",10/31/2021,west
" $2,080.00 ",11/1/2021,north
" $2,445.00 ",11/1/2021,south
" $2,415.00 ",11/1/2021,east
" $2,355.00 ",11/1/2021,west
" $2,405.00 ",11/2/2021,north
" $2,120.00 ",11/2/2021,south
" $2,195.00 ",11/2/2021,east
" $2,025.00 ",11/2/2021,west
" $2,305.00 ",11/3/2021,north
" $2,035.00 ",11/3/2021,south
" $2,085.00 ",11/3/2021,east
" $2,285.00 ",11/3/2021,west
" $2,205.00 ",11/4/2021,north
" $2,155.00 ",11/4/2021,south
" $2,105.00 ",11/4/2021,east
" $2,085.00 ",11/4/2021,west
" $2,475.00 ",11/5/2021,north
" $2,425.00 ",11/5/2021,south
" $2,330.00 ",11/5/2021,east
" $2,205.00 ",11/5/2021,west
" $2,235.00 ",11/6/2021,north
" $2,050.00 ",11/6/2021,south
" $2,455.00 ",11/6/2021,east
" $2,065.00 ",11/6/2021,west
" $2,210.00 ",11/7/2021,north
" $2,065.00 ",11/7/2021,south
" $2,215.00 ",11/7/2021,east
" $2,275.00 ",11/7/2021,west
" $2,005.00 ",11/8/2021,north
" $2,120.00 ",11/8/2021,south
" $2,140.00 ",11/8/2021,east
" $2,260.00 ",11/8/2021,west
" $2,165.00 ",11/9/2021,north
" $2,000.00 ",11/9/2021,south
" $2,435.00 ",11/9/2021,east
" $2,250.00 ",11/9/2021,west
" $2,485.00 ",11/10/2021,north
" $2,090.00 ",11/10/2021,south
" $2,025.00 ",11/10/2021,east
" $2,365.00 ",11/10/2021,west
" $2,150.00 ",11/11/2021,north
" $2,160.00 ",11/11/2021,south
" $2,035.00 ",11/11/2021,east
" $2,445.00 ",11/11/2021,west
" $2,350.00 ",11/12/2021,north
" $2,130.00 ",11/12/2021,south
" $2,045.00 ",11/12/2021,east
" $2,490.00 ",11/12/2021,west
" $2,315.00 ",11/13/2021,north
" $2,210.00 ",11/13/2021,south
" $2,345.00 ",11/13/2021,east
" $2,285.00 ",11/13/2021,west
" $2,225.00 ",11/14/2021,north
" $2,190.00 ",11/14/2021,south
" $2,495.00 ",11/14/2021,east
" $2,485.00 ",11/14/2021,west
" $2,105.00 ",11/15/2021,north
" $2,425.00 ",11/15/2021,south
" $2,155.00 ",11/15/2021,east
" $2,495.00 ",11/15/2021,west
" $2,485.00 ",11/16/2021,north
" $2,225.00 ",11/16/2021,south
" $2,315.00 ",11/16/2021,east
" $2,300.00 ",11/16/2021,west
" $2,165.00 ",11/17/2021,north
" $2,240.00 ",11/17/2021,south
" $2,290.00 ",11/17/2021,east
" $2,025.00 ",11/17/2021,west
" $2,080.00 ",11/18/2021,north
" $2,325.00 ",11/18/2021,south
" $2,105.00 ",11/18/2021,east
" $2,245.00 ",11/18/2021,west
" $2,180.00 ",11/19/2021,north
" $2,180.00 ",11/19/2021,south
" $2,345.00 ",11/19/2021,east
" $2,435.00 ",11/19/2021,west
" $2,490.00 ",11/20/2021,north
" $2,160.00 ",11/20/2021,south
" $2,460.00 ",11/20/2021,east
" $2,040.00 ",11/20/2021,west
" $2,010.00 ",11/21/2021,north
" $2,440.00 ",11/21/2021,south
" $2,190.00 ",11/21/2021,east
" $2,365.00 ",11/21/2021,west
" $2,145.00 ",11/22/2021,north
" $2,420.00 ",11/22/2021,south
" $2,200.00 ",11/22/2021,east
" $2,075.00 ",11/22/2021,west
" $2,075.00 ",11/23/2021,north
" $2,450.00 ",11/23/2021,south
" $2,280.00 ",11/23/2021,east
" $2,220.00 ",11/23/2021,west
" $2,410.00 ",11/24/2021,north
" $2,015.00 ",11/24/2021,south
" $2,020.00 ",11/24/2021,east
" $2,060.00 ",11/24/2021,west
" $2,410.00 ",11/25/2021,north
" $2,485.00 ",11/25/2021,south
" $2,445.00 ",11/25/2021,east
" $2,285.00 ",11/25/2021,west
" $2,490.00 ",11/26/2021,north
" $2,215.00 ",11/26/2021,south
" $2,015.00 ",11/26/2021,east
" $2,070.00 ",11/26/2021,west
" $2,170.00 ",11/27/2021,north
" $2,235.00 ",11/27/2021,south
" $2,145.00 ",11/27/2021,east
" $2,370.00 ",11/27/2021,west
" $2,035.00 ",11/28/2021,north
" $2,335.00 ",11/28/2021,south
" $2,390.00 ",11/28/2021,east
" $2,500.00 ",11/28/2021,west
" $2,180.00 ",11/29/2021,north
" $2,495.00 ",11/29/2021,south
" $2,170.00 ",11/29/2021,east
" $2,275.00 ",11/29/2021,west
" $2,265.00 ",11/30/2021,north
" $2,035.00 ",11/30/2021,south
" $2,480.00 ",11/30/2021,east
" $2,390.00 ",11/30/2021,west
" $2,415.00 ",12/1/2021,north
" $2,275.00 ",12/1/2021,south
" $2,100.00 ",12/1/2021,east
" $2,105.00 ",12/1/2021,west
" $2,330.00 ",12/2/2021,north
" $2,170.00 ",12/2/2021,south
" $2,460.00 ",12/2/2021,east
" $2,200.00 ",12/2/2021,west
" $2,225.00 ",12/3/2021,north
" $2,350.00 ",12/3/2021,south
" $2,125.00 ",12/3/2021,east
" $2,245.00 ",12/3/2021,west
" $2,025.00 ",12/4/2021,north
" $2,010.00 ",12/4/2021,south
" $2,005.00 ",12/4/2021,east
" $2,455.00 ",12/4/2021,west
" $2,130.00 ",12/5/2021,north
" $2,445.00 ",12/5/2021,south
" $2,190.00 ",12/5/2021,east
" $2,265.00 ",12/5/2021,west
" $2,380.00 ",12/6/2021,north
" $2,235.00 ",12/6/2021,south
" $2,200.00 ",12/6/2021,east
" $2,200.00 ",12/6/2021,west
" $2,090.00 ",12/7/2021,north
" $2,165.00 ",12/7/2021,south
" $2,300.00 ",12/7/2021,east
" $2,400.00 ",12/7/2021,west
" $2,135.00 ",12/8/2021,north
" $2,315.00 ",12/8/2021,south
" $2,375.00 ",12/8/2021,east
" $2,080.00 ",12/8/2021,west
" $2,270.00 ",12/9/2021,north
" $2,430.00 ",12/9/2021,south
" $2,335.00 ",12/9/2021,east
" $2,065.00 ",12/9/2021,west
" $2,235.00 ",12/10/2021,north
" $2,375.00 ",12/10/2021,south
" $2,400.00 ",12/10/2021,east
" $2,305.00 ",12/10/2021,west
" $2,310.00 ",12/11/2021,north
" $2,155.00 ",12/11/2021,south
" $2,435.00 ",12/11/2021,east
" $2,165.00 ",12/11/2021,west
" $2,225.00 ",12/12/2021,north
" $2,055.00 ",12/12/2021,south
" $2,235.00 ",12/12/2021,east
" $2,295.00 ",12/12/2021,west
" $2,040.00 ",12/13/2021,north
" $2,320.00 ",12/13/2021,south
" $2,110.00 ",12/13/2021,east
" $2,180.00 ",12/13/2021,west
" $2,360.00 ",12/14/2021,north
" $2,420.00 ",12/14/2021,south
" $2,370.00 ",12/14/2021,east
" $2,335.00 ",12/14/2021,west
" $2,485.00 ",12/15/2021,north
" $2,495.00 ",12/15/2021,south
" $2,365.00 ",12/15/2021,east
" $2,155.00 ",12/15/2021,west
" $2,385.00 ",12/16/2021,north
" $2,385.00 ",12/16/2021,south
" $2,435.00 ",12/16/2021,east
" $2,290.00 ",12/16/2021,west
" $2,210.00 ",12/17/2021,north
" $2,085.00 ",12/17/2021,south
" $2,090.00 ",12/17/2021,east
" $2,370.00 ",12/17/2021,west
" $2,145.00 ",12/18/2021,north
" $2,210.00 ",12/18/2021,south
" $2,380.00 ",12/18/2021,east
" $2,455.00 ",12/18/2021,west
" $2,270.00 ",12/19/2021,north
" $2,040.00 ",12/19/2021,south
" $2,180.00 ",12/19/2021,east
" $2,500.00 ",12/19/2021,west
" $2,115.00 ",12/20/2021,north
" $2,325.00 ",12/20/2021,south
" $2,250.00 ",12/20/2021,east
" $2,180.00 ",12/20/2021,west
" $2,330.00 ",12/21/2021,north
" $2,075.00 ",12/21/2021,south
" $2,355.00 ",12/21/2021,east
" $2,355.00 ",12/21/2021,west
" $2,205.00 ",12/22/2021,north
" $2,155.00 ",12/22/2021,south
" $2,010.00 ",12/22/2021,east
" $2,005.00 ",12/22/2021,west
" $2,410.00 ",12/23/2021,north
" $2,265.00 ",12/23/2021,south
" $2,205.00 ",12/23/2021,east
" $2,115.00 ",12/23/2021,west
" $2,050.00 ",12/24/2021,north
" $2,135.00 ",12/24/2021,south
" $2,440.00 ",12/24/2021,east
" $2,360.00 ",12/24/2021,west
" $2,405.00 ",12/25/2021,north
" $2,115.00 ",12/25/2021,south
" $2,085.00 ",12/25/2021,east
" $2,290.00 ",12/25/2021,west
" $2,245.00 ",12/26/2021,north
" $2,460.00 ",12/26/2021,south
" $2,450.00 ",12/26/2021,east
" $2,310.00 ",12/26/2021,west
" $2,370.00 ",12/27/2021,north
" $2,040.00 ",12/27/2021,south
" $2,415.00 ",12/27/2021,east
" $2,015.00 ",12/27/2021,west
" $2,245.00 ",12/28/2021,north
" $2,120.00 ",12/28/2021,south
" $2,415.00 ",12/28/2021,east
" $2,295.00 ",12/28/2021,west
" $2,445.00 ",12/29/2021,north
" $2,215.00 ",12/29/2021,south
" $2,285.00 ",12/29/2021,east
" $2,395.00 ",12/29/2021,west
" $2,435.00 ",12/30/2021,north
" $2,400.00 ",12/30/2021,south
" $2,260.00 ",12/30/2021,east
" $2,315.00 ",12/30/2021,west
" $2,315.00 ",12/31/2021,north
" $2,175.00 ",12/31/2021,south
" $2,295.00 ",12/31/2021,east
" $2,055.00 ",12/31/2021,west
" $2,130.00 ",1/1/2022,north
" $2,480.00 ",1/1/2022,south
" $2,190.00 ",1/1/2022,east
" $2,170.00 ",1/1/2022,west
" $2,160.00 ",1/2/2022,north
" $2,120.00 ",1/2/2022,south
" $2,110.00 ",1/2/2022,east
" $2,080.00 ",1/2/2022,west
" $2,050.00 ",1/3/2022,north
" $2,150.00 ",1/3/2022,south
" $2,440.00 ",1/3/2022,east
" $2,055.00 ",1/3/2022,west
" $2,405.00 ",1/4/2022,north
" $2,020.00 ",1/4/2022,south
" $2,010.00 ",1/4/2022,east
" $2,005.00 ",1/4/2022,west
" $2,480.00 ",1/5/2022,north
" $2,360.00 ",1/5/2022,south
" $2,025.00 ",1/5/2022,east
" $2,275.00 ",1/5/2022,west
" $2,245.00 ",1/6/2022,north
" $2,060.00 ",1/6/2022,south
" $2,290.00 ",1/6/2022,east
" $2,205.00 ",1/6/2022,west
" $2,065.00 ",1/7/2022,north
" $2,050.00 ",1/7/2022,south
" $2,180.00 ",1/7/2022,east
" $2,135.00 ",1/7/2022,west
" $2,370.00 ",1/8/2022,north
" $2,245.00 ",1/8/2022,south
" $2,070.00 ",1/8/2022,east
" $2,395.00 ",1/8/2022,west
" $2,490.00 ",1/9/2022,north
" $2,105.00 ",1/9/2022,south
" $2,335.00 ",1/9/2022,east
" $2,250.00 ",1/9/2022,west
" $2,240.00 ",1/10/2022,north
" $2,090.00 ",1/10/2022,south
" $2,370.00 ",1/10/2022,east
" $2,315.00 ",1/10/2022,west
" $2,000.00 ",1/11/2022,north
" $2,075.00 ",1/11/2022,south
" $2,305.00 ",1/11/2022,east
" $2,145.00 ",1/11/2022,west
" $2,050.00 ",1/12/2022,north
" $2,260.00 ",1/12/2022,south
" $2,095.00 ",1/12/2022,east
" $2,500.00 ",1/12/2022,west
" $2,260.00 ",1/13/2022,north
" $2,365.00 ",1/13/2022,south
" $2,485.00 ",1/13/2022,east
" $2,180.00 ",1/13/2022,west
" $2,245.00 ",1/14/2022,north
" $2,225.00 ",1/14/2022,south
" $2,080.00 ",1/14/2022,east
" $2,250.00 ",1/14/2022,west
" $2,115.00 ",1/15/2022,north
" $2,145.00 ",1/15/2022,south
" $2,130.00 ",1/15/2022,east
" $2,120.00 ",1/15/2022,west
" $2,315.00 ",1/16/2022,north
" $2,410.00 ",1/16/2022,south
" $2,290.00 ",1/16/2022,east
" $2,150.00 ",1/16/2022,west
" $2,295.00 ",1/17/2022,north
" $2,015.00 ",1/17/2022,south
" $2,070.00 ",1/17/2022,east
" $2,095.00 ",1/17/2022,west
" $2,045.00 ",1/18/2022,north
" $2,125.00 ",1/18/2022,south
" $2,085.00 ",1/18/2022,east
" $2,095.00 ",1/18/2022,west
" $2,295.00 ",1/19/2022,north
" $2,265.00 ",1/19/2022,south
" $2,040.00 ",1/19/2022,east
" $2,200.00 ",1/19/2022,west
" $2,415.00 ",1/20/2022,north
" $2,435.00 ",1/20/2022,south
" $2,160.00 ",1/20/2022,east
" $2,210.00 ",1/20/2022,west
" $2,295.00 ",1/21/2022,north
" $2,405.00 ",1/21/2022,south
" $2,380.00 ",1/21/2022,east
" $2,360.00 ",1/21/2022,west
" $2,080.00 ",1/22/2022,north
" $2,220.00 ",1/22/2022,south
" $2,495.00 ",1/22/2022,east
" $2,500.00 ",1/22/2022,west
" $2,170.00 ",1/23/2022,north
" $2,135.00 ",1/23/2022,south
" $2,205.00 ",1/23/2022,east
" $2,445.00 ",1/23/2022,west
" $2,195.00 ",1/24/2022,north
" $2,375.00 ",1/24/2022,south
" $2,370.00 ",1/24/2022,east
" $2,410.00 ",1/24/2022,west
" $2,470.00 ",1/25/2022,north
" $2,370.00 ",1/25/2022,south
" $2,110.00 ",1/25/2022,east
" $2,480.00 ",1/25/2022,west
" $2,085.00 ",1/26/2022,north
" $2,320.00 ",1/26/2022,south
" $2,075.00 ",1/26/2022,east
" $2,485.00 ",1/26/2022,west
" $2,165.00 ",1/27/2022,north
" $2,400.00 ",1/27/2022,south
" $2,055.00 ",1/27/2022,east
" $2,435.00 ",1/27/2022,west
" $2,380.00 ",1/28/2022,north
" $2,410.00 ",1/28/2022,south
" $2,240.00 ",1/28/2022,east
" $2,450.00 ",1/28/2022,west
" $2,190.00 ",1/29/2022,north
" $2,345.00 ",1/29/2022,south
" $2,290.00 ",1/29/2022,east
" $2,380.00 ",1/29/2022,west
" $2,145.00 ",1/30/2022,north
" $2,150.00 ",1/30/2022,south
" $2,500.00 ",1/30/2022,east
" $2,305.00 ",1/30/2022,west
" $2,045.00 ",1/31/2022,north
" $2,375.00 ",1/31/2022,south
" $2,040.00 ",1/31/2022,east
" $2,055.00 ",1/31/2022,west
" $2,405.00 ",2/1/2022,north
" $2,310.00 ",2/1/2022,south
" $2,405.00 ",2/1/2022,east
" $2,420.00 ",2/1/2022,west
" $2,160.00 ",2/2/2022,north
" $2,485.00 ",2/2/2022,south
" $2,375.00 ",2/2/2022,east
" $2,435.00 ",2/2/2022,west
" $2,125.00 ",2/3/2022,north
" $2,185.00 ",2/3/2022,south
" $2,090.00 ",2/3/2022,east
" $2,115.00 ",2/3/2022,west
" $2,035.00 ",2/4/2022,north
" $2,215.00 ",2/4/2022,south
" $2,010.00 ",2/4/2022,east
" $2,190.00 ",2/4/2022,west
" $2,070.00 ",2/5/2022,north
" $2,000.00 ",2/5/2022,south
" $2,130.00 ",2/5/2022,east
" $2,235.00 ",2/5/2022,west
" $2,250.00 ",2/6/2022,north
" $2,365.00 ",2/6/2022,south
" $2,020.00 ",2/6/2022,east
" $2,215.00 ",2/6/2022,west
" $2,290.00 ",2/7/2022,north
" $2,145.00 ",2/7/2022,south
" $2,255.00 ",2/7/2022,east
" $2,265.00 ",2/7/2022,west
" $2,375.00 ",2/8/2022,north
" $2,360.00 ",2/8/2022,south
" $2,430.00 ",2/8/2022,east
" $2,330.00 ",2/8/2022,west
" $2,290.00 ",2/9/2022,north
" $2,435.00 ",2/9/2022,south
" $2,225.00 ",2/9/2022,east
" $2,255.00 ",2/9/2022,west
" $2,275.00 ",2/10/2022,north
" $2,310.00 ",2/10/2022,south
" $2,070.00 ",2/10/2022,east
" $2,445.00 ",2/10/2022,west
" $2,405.00 ",2/11/2022,north
" $2,030.00 ",2/11/2022,south
" $2,470.00 ",2/11/2022,east
" $2,265.00 ",2/11/2022,west
" $2,245.00 ",2/12/2022,north
" $2,490.00 ",2/12/2022,south
" $2,110.00 ",2/12/2022,east
" $2,085.00 ",2/12/2022,west
" $2,425.00 ",2/13/2022,north
" $2,245.00 ",2/13/2022,south
" $2,500.00 ",2/13/2022,east
" $2,390.00 ",2/13/2022,west
" $2,035.00 ",2/14/2022,north
" $2,465.00 ",2/14/2022,south
" $2,500.00 ",2/14/2022,east
" $2,115.00 ",2/14/2022,west
